1755 2892
877 156 902 199 2

162 298 243 323 cum
270 299 312 323 ex
337 284 398 331 eis,
439 300 532 336 quae
560 288 604 325 de
629 290 707 325 toto
733 289 800 326 hoc
825 290 997 336 temporis
1024 290 1141 337 spatio
1168 290 1264 338 apud
1287 293 1470 329 auctorem
1496 303 1600 329 suum

162 349 301 385 tradita
319 348 515 395 invenerat,
542 351 630 387 haec
646 362 773 397 pauca,
802 363 894 398 quae
918 363 983 398 per
1001 364 1038 389 se
1063 352 1209 389 minime
1234 353 1330 390 inter
1347 366 1385 391 se
1409 354 1600 392 cohaerent

162 412 333 455 notasset,
374 423 437 459 ea,
469 423 513 448 ne
550 423 671 447 rerum
706 413 794 449 ordo
835 425 877 450 ac
917 413 1103 460 dispositio
1143 414 1286 450 omnino
1325 415 1599 461 desideraretur,

161 471 338 509 levissime
364 472 415 509 sic
439 475 481 510 ut
506 484 600 510 nunc
625 475 778 520 utroque
802 474 880 511 loco
906 474 1057 523 legimus
1084 474 1358 527 coniunxisse.¹)

263 534 366 577 Quod
400 538 522 572 autem
561 536 648 572 haec
688 536 785 581 ipsa,
826 548 919 582 quae
957 549 999 573 ex
1039 549 1110 574 uno
1149 539 1324 585 scriptore
1357 541 1595 586 excerpserat,

161 595 301 631 duobus
335 595 422 632 locis
458 596 621 642 scripsit,
668 608 709 632 ea
747 608 839 643 quae
874 609 979 645 saepe
1013 598 1052 633 in
1096 598 1255 635 Diodoro
1295 599 1504 645 vituperata.
1546 601 1600 635 est

160 657 386 704 neglegentia
424 658 561 694 factum
599 660 673 698 est:
705 670 786 694 cum
824 659 918 695 enim
949 659 1010 707 eis,
1049 671 1141 706 quae
1180 672 1210 697 c.
1240 660 1299 705 34,
1328 660 1465 706 4-35,
1507 662 1529 699 5
1557 661 1600 697 de

161 718 267 753 rebus
294 717 423 755 Siculis
451 721 657 762 narrantur,
685 719 772 755 ordo
799 731 933 767 eorum,
964 732 1056 766 quae
1081 721 1129 756 ad
1153 733 1210 757 res
1225 721 1381 757 Graecas
1408 721 1598 767 pertinent,

160 779 385 826 interruptus
422 782 526 824 esset,
566 779 671 816 facile
708 780 786 816 fieri
828 781 970 827 potuit,
1005 784 1048 818 ut
1073 782 1228 828 scriptor
1265 782 1598 830 neglegentissimus

159 841 247 877 haec
290 853 312 876 a
349 853 386 877 se
418 842 489 877 iam
529 841 668 877 tradita
707 853 781 878 esse
817 841 1097 882 oblivisceretur.
1153 844 1274 880 Etiam
1299 855 1363 879 cur
1388 843 1479 890 ipsa.
1493 843 1598 879 initia

159 903 312 940 duorum
339 902 499 949 capitum
519 902 614 939 inter
640 915 677 939 se
702 915 774 940 non
789 907 999 953 congruant,
1026 905 1124 941 haud
1153 905 1297 942 difficile
1324 906 1380 942 est
1395 906 1597 952 perspectu,

159 965 189 1000 si
212 965 309 1010 apud
334 968 518 1001 auctorem
543 963 693 1001 Diodori
718 969 910 1013 utrumque
936 968 1115 1004 exstitisse
1140 968 1315 1013 ponimus.
1371 967 1474 1010 Quod
1499 967 1593 1003 veri-

158 1026 273 1061 simile
298 1038 373 1062 esse
399 1026 655 1071 comprobatur
681 1027 812 1063 collato
832 1029 1044 1074 gravissimo
1069 1029 1131 1064 illo
1158 1028 1377 1074 Thucydidis
1402 1027 1441 1062 in
1463 1027 1595 1062 librum

160 1089 330 1124 octavum
370 1087 552 1133 prooemio
594 1087 707 1134 (VIII,
738 1090 769 1125 1.
797 1090 848 1136 2),
884 1090 921 1126 in
958 1102 1030 1136 quo
1069 1090 1226 1136 primum
1266 1101 1344 1126 eam
1370 1088 1595 1135 sententiam,

160 1159 234 1196 qua
272 1148 452 1184 Diodorus
490 1148 593 1185 initio
631 1160 659 1184 c.
699 1150 746 1187 36
786 1151 833 1186 ad
871 1163 927 1187 res
967 1151 1004 1186 in
1044 1150 1195 1187 Graecia
1240 1152 1360 1198 gestas
1397 1148 1597 1186 narrandas

157 1209 371 1254 revertitur,
411 1210 626 1256 reperimus,
679 1211 761 1248 inde
808 1213 903 1259 quod
948 1225 975 1252 c.
1023 1213 1046 1251 2
1093 1213 1131 1249 in
1172 1212 1294 1250 eodem
1340 1211 1596 1249 sententiarum

157 1271 281 1306 ordine
316 1271 474 1318 additur,
510 1283 728 1318 quamquam
754 1285 825 1309 non
850 1286 997 1320 prorsus
1021 1275 1115 1310 idem
1138 1276 1248 1320 atque
1290 1273 1328 1309 id
1366 1273 1461 1320 quod
1500 1272 1597 1318 apud

158 1332 264 1372 Diod.
302 1344 331 1372 c.
368 1333 417 1370 34
457 1333 610 1380 legitur,
660 1336 781 1370 tamen
815 1335 1036 1372 simillimum
1074 1336 1105 1372 ei
1145 1337 1222 1375 est:
1264 1335 1361 1382 apud
1398 1334 1595 1370 Diodorum

156 1395 250 1430 enim
284 1395 370 1431 socii
409 1395 455 1430 ab
493 1396 771 1432 Atheniensibus
796 1397 963 1433 defecisse
987 1397 1194 1441 traduntur,
1230 1397 1326 1443 apud
1350 1395 1593 1442 Thucydidem

156 1457 304 1493 deficere
330 1457 367 1492 in
395 1457 513 1493 animo
539 1457 719 1499 habuisse.
772 1458 973 1496 Verisimile
1002 1459 1116 1506 igitur
1141 1461 1195 1495 est
1221 1458 1371 1495 Diodori
1397 1459 1591 1499 auctorem,

158 1530 239 1554 eum
277 1530 334 1554 res
373 1521 457 1564 post
495 1519 630 1555 exitum
657 1518 797 1557 Siculae
833 1519 1067 1568 expeditionis
1107 1522 1228 1568 gestas
1254 1522 1467 1556 narraturus
1491 1520 1594 1561 esset,

157 1580 224 1616 hoc
250 1579 470 1626 Thucydidis
509 1581 690 1626 prooemio
733 1582 787 1617 ita
813 1595 917 1618 usum
948 1594 1033 1626 esse,
1073 1584 1114 1617 ut
1144 1582 1302 1618 ordinem
1329 1593 1449 1618 rerum
1475 1592 1595 1617 secun-

250 1686 271 1725 ¹)
295 1684 425 1727 Operae
448 1685 600 1727 pretium
624 1687 676 1719 est
698 1686 763 1719 hoc
786 1697 855 1720 uno
873 1688 1031 1730 exemplo
1049 1686 1189 1721 Diodori
1214 1685 1484 1729 neglegentiam,
1507 1695 1594 1727 quae

158 1740 341 1783 praecipue
365 1739 519 1772 cernitur
541 1740 579 1772 in
602 1740 750 1782 singulis
784 1741 966 1774 sententiis
988 1742 1080 1774 inter
1103 1752 1138 1774 se
1161 1740 1429 1783 coniungendis,
1458 1749 1595 1772 accura-

158 1793 228 1826 tius
250 1793 434 1828 illustrare.
480 1793 606 1827 Statim
630 1795 722 1827 enim
757 1794 859 1828 initio
899 1806 928 1829 c.
951 1797 993 1829 34
1028 1796 1154 1828 mirum
1177 1797 1239 1835 est,
1274 1794 1365 1837 quod
1388 1793 1465 1827 Chii
1487 1792 1595 1826 Samii

157 1848 317 1890 Byzantii
341 1849 385 1881 ab
401 1849 670 1883 Atheniensibus
694 1849 856 1883 dicuntur
878 1850 1053 1891 defecisse,
1076 1861 1152 1884 cum
1171 1849 1354 1892 Byzantios
1372 1848 1482 1882 multo
1505 1849 1593 1891 post,

156 1903 288 1937 Samios
312 1914 424 1946 neque
446 1905 531 1937 tunc
547 1914 660 1946 neque
683 1906 804 1948 postea
826 1905 990 1940 defecisse
1014 1906 1159 1939 constet.
1204 1905 1245 1938 In
1268 1904 1317 1938 eis
1339 1903 1476 1945 deinde,
1500 1913 1589 1946 quae

156 1957 193 1989 in
217 1959 365 2000 utroque
387 1958 501 2002 capite
528 1959 657 1993 eisdem
691 1960 762 1994 fere
785 1960 897 1995 verbis
921 1962 1116 2001 narrantur,
1156 1972 1185 1995 c.
1208 1960 1251 1994 34
1284 1959 1390 1994 etiam
1417 1958 1526 1993 levius
1560 1960 1594 1992 et

155 2013 398 2055 neglegentius
443 2014 611 2057 scriptum
657 2016 718 2048 est.
763 2015 820 2049 Eis
861 2027 950 2057 quae
994 2017 1067 2049 sola
1112 2016 1232 2049 addita
1276 2016 1357 2048 sunt
1400 2015 1437 2047 in
1482 2024 1510 2047 c.
1549 2014 1592 2047 34

155 2065 236 2107 (ἐκεῖ
267 2063 329 2113 γάρ
357 2063 489 2112 ὥρμουν
522 2065 615 2110 κτλ),
650 2069 754 2103 verba
792 2070 902 2113 magis
932 2081 1036 2113 quam
1070 2069 1166 2113 ipsae
1200 2069 1396 2103 sententiae
1428 2068 1521 2101 inter
1557 2077 1592 2100 se

155 2122 426 2165 coniunguntur.
471 2123 562 2163 Quae
591 2124 628 2156 in
652 2126 799 2166 utroque
836 2125 950 2168 capite
973 2125 1015 2158 de
1048 2124 1219 2159 discordia
1241 2124 1490 2167 imperatorum
1514 2134 1591 2156 nar-

157 2177 296 2215 rantur,
335 2176 380 2209 ad
410 2187 451 2209 ea
487 2178 651 2210 videntur
677 2180 854 2220 spectare,
900 2189 988 2220 quae
1027 2180 1119 2221 apud
1158 2178 1389 2218 Thucydidem
1427 2178 1591 2219 leguntur

156 2230 179 2264 1.
204 2230 297 2270 VIII,
322 2241 351 2265 c.
373 2231 534 2266 89—93.
580 2232 685 2266 Initio
709 2242 737 2267 c.
760 2234 803 2268 36
848 2233 1092 2268 molestissima
1126 2235 1178 2267 est
1211 2233 1295 2267 haec
1329 2232 1481 2267 eiusdem
1514 2241 1591 2265 sen-

155 2285 287 2318 tentiae
310 2287 474 2329 repetitio
497 2284 539 2319 οὐ
562 2284 642 2329 μήν
665 2285 814 2327 ἔληγόν
835 2300 870 2330 γε
892 2285 949 2320 διά
971 2291 1072 2321 τοῦτο
1093 2291 1149 2327 τῆς
1171 2286 1443 2331 Λακεδαιμονίων
1465 2285 1589 2328 φιλο-

155 2338 295 2381 τιμίας
320 2338 413 2384 πέρὶ
433 2343 500 2379 τῆς
525 2337 793 2383 ήγιμουίας,
818 2338 905 2373 ἀλλά
1038 2339 1395 2386 φιλονεικοῦντες
1418 2341 1513 2386 μέχρι
1534 2346 1591 2381 τῆς

157 2390 301 2436 ἐσχάτης
344 2391 472 2434 ἐλπίδος
507 2391 610 2441 ὑπὲρ
645 2399 730 2429 τῶν
764 2397 998 2442 πρωτείων,
1043 2398 1078 2431 et
1112 2407 1213 2440 porro
1246 2397 1331 2431 haec
1365 2396 1476 2429 altera
1512 2392 1590 2429 δύο

156 2445 423 2491 στρατηῑούς
466 2446 697 2495 ἀλλοτρίως
744 2448 930 2494 ἔχοντας
975 2448 1074 2495 πρός
1110 2447 1373 2490 ἀλλήλους..
1391 2473 1422 2483 .,
1467 2450 1504 2481 οἱ
1544 2448 1587 2482 δὲ
