1755 2892
869 121 918 159 21

175 253 224 297 ad
261 250 457 288 Alcibiadis
497 247 576 286 fata
615 261 728 299 usque
762 262 803 287 eo
836 251 899 287 ubi
954 251 1182 298 Thucydides
1224 263 1313 299 opus
1353 263 1458 309 suum
1500 244 1618 286 finivit

173 314 352 366 repeteret
380 313 418 364 et
449 310 533 347 inde
568 311 615 347 ad
649 323 692 348 ea
733 323 826 359 quae
855 314 1058 359 sequuntur
1094 313 1278 350 narranda
1316 312 1503 352 transiret.
1562 312 1616 347 Ex

173 374 304 422 quibus
330 385 423 421 quae
447 373 589 420 reliqua
610 374 683 411 sint
707 373 781 411 iam
805 374 909 411 nobis
934 377 989 411 est
1013 375 1268 422 quaerendum.

845 619 938 680 III.

248 740 290 776 In
312 741 481 787 anonymi
496 740 746 779 Θουκυδίδου
769 739 840 790 βίῳ
859 744 881 787 g
894 742 916 779 5
937 753 1060 778 earum
1073 742 1158 778 belli
1171 741 1463 788 Peloponnesiaci
1478 752 1615 788 pugna-

137 821 142 824 ·
173 815 254 840 rum
280 814 373 849 quae
397 815 469 840 non
490 803 563 839 iam
578 815 600 839 a
617 802 831 850 Thucydide¹
848 803 911 840 sed
939 815 961 840 a
976 804 1210 850 Xenophonte
1230 805 1267 840 et
1284 803 1514 850 Theopompo
1530 814 1614 838 nar-

170 866 273 901 ratae
299 875 375 901 esse
400 865 596 911 traduntur
620 865 739 911 prima
772 865 978 911 appellatur
1003 862 1026 906 ἦ
1056 863 1221 914 δευτέρα
1247 862 1446 913 ναυμαχία
1474 861 1496 906 ἦ
1524 863 1614 911 περὶ

170 921 295 968 Κυνὸς
321 928 427 974 σῆμα
454 920 499 968 ἢν
517 922 753 975 Θεόπομπος
771 923 884 965 εἶπεν.
936 925 1055 969 Quam
1080 937 1249 973 pugnam,
1271 937 1352 961 eum
1378 925 1474 972 apud
1494 925 1612 961 Xeno-

169 987 339 1033 phontem
362 999 405 1023 ex
431 987 561 1034 Abydo
576 987 708 1034 oppido
738 999 867 1024 nomen
885 988 1029 1034 ceperit,
1057 988 1146 1024 satis
1164 988 1355 1024 verisimile
1370 990 1425 1023 est
1448 998 1472 1023 a
1497 986 1611 1022 Theo-

167 1059 299 1094 pompo
321 1049 547 1085 coniunctam
573 1061 654 1084 cum
679 1049 804 1095 priore
825 1049 890 1085 ina
908 1061 1032 1097 pugna
1055 1049 1153 1095 apud
1173 1049 1387 1094 Cynossema
1408 1048 1610 1091 commissa,

168 1120 261 1156 quae
277 1109 388 1146 etiam
400 1109 643 1156 aThueydide
652 1111 835 1159 narratur,
846 1110 1022 1147 traditam
1038 1110 1163 1149 fuisse.
1192 1109 1306 1152 Quam
1319 1110 1365 1146 ob
1377 1120 1523 1145 causam
1537 1108 1609 1144 iam

167 1169 360 1208 Muellerus
386 1170 444 1217 (fr.
459 1170 544 1210 hist.
558 1183 612 1219 gr.
630 1171 702 1210 vol.
718 1170 736 1207 I
760 1171 943 1217 prooemio
970 1184 1005 1218 p.
1019 1171 1174 1217 LXVII)
1191 1171 1342 1207 coniecit
1354 1170 1486 1217 prioris
1510 1169 1609 1206 illius

168 1243 310 1279 pugnae
334 1232 578 1268 narrationem
605 1244 627 1268 a
650 1232 858 1279 Thucydide
876 1233 1137 1279 discrepantem
1155 1244 1247 1279 quae
1265 1234 1366 1268 extat
1386 1232 1551 1278 apudDi
1563 1242 1583 1266 ο
1595 1250 1610 1257 -

170 1294 282 1341 ἆζοτιι
293 1306 330 1331 m
346 1292 508 1338 xm‚38‚
524 1294 582 1331 3-
599 1293 658 1342 41,
677 1294 698 1332 3
709 1306 749 1330 ex
764 1293 994 1341 Theopompo
1012 1294 1182 1343 haustam
1203 1305 1290 1332 esse.
1307 1292 1471 1330 Frickius
1491 1294 1612 1329 tamen

169 1367 248 1392 eam
271 1355 416 1401 Ephoro
452 1355 582 1391 tribuit
605 1358 754 1402 propter
783 1367 912 1392 nomen
934 1356 1009 1392 eius
1031 1367 1060 1392 c.
1087 1356 1147 1399 41,
1177 1356 1199 1392 3
1231 1357 1547 1392 commemoratum
1575 1357 1611 1389 et

169 1416 330 1453 ordinem
367 1428 485 1452 rerum
525 1417 593 1453 hac
629 1417 837 1453 narratione
871 1417 1125 1463 interruptum.
1177 1416 1340 1453 Primum
1363 1416 1476 1464 igitur
1513 1415 1609 1462 quod

167 1478 333 1524 Ephorus
369 1479 619 1524 nuncupatur,
658 1490 699 1514 eo
737 1465 879 1515 etiamsi
910 1479 1166 1524 comprobatur
1200 1479 1400 1515 Diodorum
1437 1478 1505 1514 hoc
1530 1478 1608 1513 loco

166 1539 352 1586 Ephorum
379 1539 583 1586 inspexisse,
611 1541 733 1576 tamen
753 1552 825 1576 non
852 1540 1015 1587 sequitur
1039 1542 1082 1576 ut
1105 1541 1224 1576 totam
1247 1539 1340 1575 hane
1365 1539 1609 1576 narrationem

167 1612 209 1636 ex
246 1612 287 1637 eo
322 1600 526 1647 sumpserit.
578 1601 705 1637 Potest
755 1601 852 1637 enim
888 1602 942 1638 ita
978 1613 1015 1637 se
1055 1613 1112 1637 res
1149 1601 1302 1648 habere,
1344 1603 1391 1636 ut.
1421 1602 1488 1635 aut
1518 1600 1608 1636 illud

166 1662 263 1711 quod
288 1674 317 1700 c.
344 1663 387 1700 41
419 1663 587 1710 proditur
612 1663 747 1700 factum
776 1666 841 1700 aut
873 1664 989 1701 solum
1014 1662 1262 1709 inscriptionis
1285 1662 1535 1699 testimonium
1561 1661 1607 1697 ad

165 1724 350 1770 Ephorum
375 1725 601 1761 referendum
627 1715 685 1762 sit.
738 1726 888 1761 Accedit
914 1726 1011 1772 quod
1024 1727 1163 1761 veteres
1179 1725 1373 1770 scriptores
1395 1725 1607 1770 plerumque

164 1786 353 1823 auctorum
386 1786 535 1836 nomina
556 1791 627 1824 non
656 1787 812 1824 afferunt
835 1787 906 1824 nisi
929 1787 980 1824 eis
1016 1786 1114 1831 locis,
1141 1787 1205 1823 ubi
1244 1788 1308 1823 aut
1334 1786 1382 1823 ab
1416 1786 1531 1823 altero
1558 1785 1605 1822 ad

163 1848 319 1891 alterum
354 1849 671 1896 transgrediuntur
698 1851 764 1885 aut
789 1849 937 1886 alterius
964 1849 1166 1885 narrationi
1192 1849 1336 1896 singula
1358 1850 1537 1895 quaedam
1561 1862 1603 1885 ex

165 1908 281 1945 altera
307 1911 452 1957 sumpta
477 1910 626 1954 addunt,
666 1910 705 1946 id
742 1910 839 1957 quod
872 1910 939 1946 hoe
972 1909 1050 1946 loco
1086 1910 1224 1946 factum
1262 1921 1338 1947 esse
1360 1912 1461 1956 puto.
1513 1909 1605 1945 Tum

163 1981 227 2006 cur
251 1977 379 2007 rerum‘
399 1972 486 2014 ordo
524 1972 674 2018 paulum
697 1974 860 2008 mutatus
884 1972 942 2015 sit,
966 1972 1085 2008 nescio
1116 1983 1164 2008 an
1201 1984 1243 2008 ex
1281 1972 1360 2018 ipso
1385 1972 1605 2018 Theopompi

162 2033 310 2070 consilio
332 2033 494 2081 intellegi
515 2034 641 2080 possit.
694 2033 783 2070 Oum
808 2034 902 2069 enim
939 2034 982 2070 de
1024 2033 1163 2070 ultimis
1198 2034 1248 2071 eis
1287 2045 1379 2081 quae
1417 2033 1604 2070 Alcibiade

163 2105 235 2131 non
269 2094 343 2131 iam
381 2095 575 2133 adiuvante
615 2095 714 2132 facta
751 2097 835 2132 sunt
880 2095 981 2142 prius
1022 2095 1173 2132 referret
1209 2107 1319 2143 quam
1355 2096 1399 2132 de
1442 2096 1518 2133 eius
1556 2096 1603 2132 ad

162 2155 313 2193 classem
338 2150 611 2193 Atheniensium
637 2156 768 2200 reditu,
795 2157 833 2192 id
858 2159 1067 2194 consecutus
1093 2157 1159 2205 est,
1185 2160 1227 2193 ut
1252 2157 1334 2193 inde
1360 2157 1407 2192 ab
1433 2156 1500 2194 hoc
1524 2157 1603 2194 loco

162 2228 256 2264 quae
290 2218 338 2254 ad
375 2230 432 2255 res
471 2218 518 2254 ab
559 2217 746 2254 Alcibiade
779 2219 966 2265 praeclare
1005 2220 1125 2266 gestas
1149 2220 1353 2265 spectarent
1380 2230 1451 2255 uno
1477 2221 1602 2262 tenore

161 2280 283 2323 posset
320 2289 492 2328 narrare3
533 2279 630 2325 quod
677 2280 814 2326 quanto
849 2281 1010 2326 praestet
1041 2280 1088 2316 ad
1124 2266 1216 2326 ipsa'
1243 2280 1308 2316 illa
1344 2280 1444 2317 facta
1486 2281 1601 2328 magis

162 2339 354 2389 conspicua
389 2340 572 2378 reddenda
605 2340 712 2387 facile
751 2341 981 2393 perspicItur.
1046 2340 1115 2379 Sed
1154 2341 1372 2379 certissimae
1406 2345 1601 2390 supersunt

162 2414 291 2441 causae
313 2415 377 2441 cur
391 2404 484 2441 hanc
501 2403 747 2441 narrationem
760 2403 992 2451 Theopompo
1002 2403 1124 2441 deberi
1146 2404 1404 2444 existimemus.
1438 2404 1601 2442 Primum
