1755 2892
855 147 906 186 25

152 277 297 322 sumpta
334 275 409 312 sint
447 289 519 312 non
558 278 613 313 est
649 289 712 312 cur
750 267 965 324 dubitemus,
1007 288 1227 323 quamquam
1263 273 1485 322 Theopompi
1506 284 1593 320 erga

153 335 346 386 optimates
374 336 536 386 studium
561 337 600 372 in
624 336 691 373 hoc
716 336 834 383 capite
859 349 930 374 non
956 338 1124 377 cernitur.

256 409 287 437 c.
314 397 365 435 49
389 397 569 435 Diodorus
589 398 686 435 redit
711 398 758 435 ad
773 398 917 435 bellum
943 399 982 434 in
997 398 1230 446 Hellesponto
1259 399 1400 445 gestum
1426 397 1482 434 ita
1507 407 1592 433 nar-

150 460 317 508 randum,
342 461 385 496 ut
399 460 578 497 artissime
590 460 677 496 haec
690 460 904 497 cohaereant
919 472 1000 497 cum
1024 460 1074 496 eis
1097 472 1189 508 quae
1207 459 1452 507 superioribus
1464 457 1591 504 capiti—

152 522 221 560 bus
247 522 291 559 de
316 533 358 559 eo
385 522 503 559 relata
527 525 620 560 sunt.
671 521 715 558 In
738 522 794 559 his
819 534 911 570 quae
937 523 982 560 de
1009 522 1158 560 ducibus
1175 522 1300 560 classis
1317 519 1591 558 Atheniensium

153 585 333 629 dicuntur,
369 585 519 631 paulum
543 584 714 635 differunt
752 597 775 621 a
813 585 1058 632 Xenophonte.
1111 585 1220 631 Apud
1258 584 1459 621 Diodorum
1497 583 1592 623 enim

152 644 322 684 hocloco
348 646 455 683 duces
480 646 710 693 appellantur
730 646 980 694 Thrasybulus
999 646 1209 685 Alcibiades,
1225 647 1475 690 Theramenes,
1500 657 1591 694 quos

139 708 295 747 -eosdem
320 710 505 755 nuncupat
530 708 714 745 Cornelius
734 708 814 746 Alc.
845 710 879 753 5,
906 708 943 756 4,
970 721 1075 756 quem
1100 722 1142 745 ex
1166 710 1290 746 eodem
1305 700 1405 745 fonte
1427 708 1591 744 hausisse
1658 745 1664 751 ,

152 780 262 816 supra
288 769 441 806 diximus
467 769 590 815 (paulo
612 769 731 806 minus
753 771 935 806 'accurate
968 770 1148 807 Diodorus
1186 770 1335 807 eandem
1374 781 1450 806 rem
1474 769 1591 806 tradit
1629 808 1635 811 ,

151 844 183 871 c.
210 832 292 878 37);
332 831 530 878 Xenophon
566 831 793 868 Alcibiadem
827 843 859 872 c.
894 831 929 877 4,
968 833 1014 872 10
1064 831 1178 869 tradit
1217 832 1406 869 etiamtum
1449 831 1589 868 exulem

152 894 276 931 ducem
301 893 439 930 factum
466 905 541 930 esse
567 905 648 930 cum
666 893 893 941 Thrasybulo
920 896 956 930 et
982 893 1133 939 Conone,
1159 895 1213 931 ita
1238 896 1280 930 ut
1306 894 1383 930 eius
1407 893 1590 930 sententia

152 957 236 993 ante
265 956 333 993 hoc
358 957 499 1002 tempus
525 956 572 992 ab
594 953 751 993 exercitu
779 956 924 1003 quidem
936 968 1003 1003 pro
1025 957 1113 993 duce
1131 957 1276 994 habitus
1291 968 1377 1000 esse,
1405 968 1427 992 a
1452 955 1590 992 civibus

152 1019 275 1068 tamen
306 1029 378 1054 non
404 1017 537 1053 electus
562 1021 656 1053 esse·
672 1016 851 1057 Videatur.
905 1017 1099 1054 Praeterea
1126 1029 1207 1054 cum
1236 1019 1328 1054 teste
1355 1016 1591 1063 Xenophonte

153 1080 390 1119 Theramenes
414 1081 493 1116 tum
508 1079 682 1126 temporis
700 1079 844 1116 omnino
862 1092 934 1116 non
960 1080 1032 1116 dux
1043 1080 1154 1117 fuisse
1175 1079 1238 1117 sed
1250 1080 1455 1116 inferiorem
1468 1079 1589 1117 locum

142 1142 308 1182 vtenuisse
330 1142 515 1186 videatur,
543 1142 650 1178 du'ces
674 1142 741 1178 soli
766 1143 908 1178 restant
940 1142 1188 1189 Thrasybulus
1213 1144 1250 1178 et
1283 1141 1494 1187 Thrasyllus
1530 1140 1594 1187 qui

138 1194 267 1241 'eidem
289 1204 434 1240 fuerant
458 1205 542 1240 ante
561 1203 759 1240 Alcibiadis
786 1203 956 1242 reditum.
996 1203 1223 1251 Thucydides
1238 1205 1274 1240 et
1298 1203 1375 1250 ipse
1401 1202 1445 1239 de
1458 1201 1592 1239 Thera-

153 1256 361 1302 mene'duce
387 1265 487 1303 facto
514 1265 560 1301 ab
582 1265 863 1302 Atheniensibus
883 1265 974 1301 nihil
987 1267 1255 1310 commemorat,
1283 1268 1406 1301 tamen
1425 1265 1468 1301 de
1495 1264 1593 1300 Alci-

152 1326 259 1363 biade
285 1326 451 1363 dissentit
477 1326 766 1373 aXenophonte;
794 1337 876 1362 eum
899 1326 994 1363 enim
1018 1327 1083 1362 ubi
1098 1326 1212 1373 (VIII,
1227 1325 1295 1377 97)
1314 1338 1336 1362 a
1350 1326 1487 1363 civibus
1512 1327 1595 1372 post

152 1380 344 1425 liberatam
370 1388 417 1423 ab
443 1387 673 1434 optimatium
684 1388 834 1434 imperio
860 1388 1120 1435 rempublicam
1148 1388 1187 1425 in
1200 1389 1361 1435 patriam
1385 1388 1594 1425 restitutum

154 1450 280 1498 tradit,
305 1448 371 1484 καὶ
392 1447 503 1497 παρά
524 1462 568 1484 τε
593 1438 747 1492 ἐκεῖνονζ
768 1449 898 1496 inquit,
925 1448 988 1485 καὶ
1012 1446 1123 1499 scapo?
1150 1446 1200 1485 τὸ
1231 1449 1268 1487 ἒν
1287 1447 1405 1499 Σάμῳ
1421 1444 1594 1498 στρατό-

154 1511 275 1549 πεδον
298 1508 525 1560 πέμψαντες
553 1507 812 1548 διεκελεύοντο
838 1507 1120 1547 καθάπτεσθαι
1145 1515 1225 1549 τσῖν
1251 1508 1506 1561 πραγμάτων.

253 1574 308 1609 De
333 1572 521 1610 Alcibiade
558 1585 580 1608 a
606 1572 842 1620 Tissapherne
881 1575 987 1620 capto
1019 1574 1050 1610 is
1088 1586 1195 1621 quem
1220 1573 1401 1610 Diodorus
1428 1572 1595 1620 sequitur

95 1671 97 1673 ,
155 1637 282 1672 auctor
304 1635 450 1672 videtur
473 1635 652 1679 tacuisse3
693 1635 781 1672 dicit
817 1635 911 1671 enim
938 1647 1020 1672 eum
1044 1648 1067 1672 a
1087 1636 1208 1672 'Lesbo
1249 1637 1336 1683 (non
1361 1634 1593 1678 Clazomenis,

155 1709 226 1744 quo
260 1710 340 1733 eum
371 1697 570 1745 Xenophon
610 1698 811 1745 confugisse
851 1698 974 1743 prodit
1012 1710 1042 1737 c.
1083 1700 1115 1742 l,
1156 1699 1218 1744 11)
1257 1698 1469 1735 arcessitum
1508 1709 1596 1746 esse.

154 1759 290 1794 Deinde
325 1758 501 1806 Cyzicum,
538 1771 647 1806 quam
681 1759 790 1805 paulo
826 1761 910 1795 ante
949 1760 996 1795 ab
1029 1759 1308 1796 Atheniensibus
1346 1760 1596 1805 recuperatam

154 1820 271 1856 tradit
295 1820 518 1867 Thucydides
554 1821 653 1865 VIII,
683 1821 766 1864 10¹7,
807 1832 829 1856 a
855 1820 1021 1865 Mindaro
1054 1823 1199 1867 captam
1238 1833 1314 1857 esse
1341 1821 1597 1857 commemorat

154 1879 346 1925 Diodorus,
374 1892 484 1927 quam
508 1893 592 1918 eum
619 1893 747 1928 capere
779 1881 817 1917 in
843 1881 962 1918 animo
988 1881 1157 1918 habuisse
1189 1882 1263 1918 iam
1289 1893 1319 1921 c.
1345 1882 1406 1931 47,
1434 1881 1457 1919 2
1484 1881 1594 1925 dixit;

156 1943 254 1989 quod
278 1954 499 1989 quamquam
524 1944 621 1990 apud
642 1943 915 1989 Xenophontem
936 1943 1108 1980 omissum
1134 1945 1201 1988 est,
1223 1946 1346 1980 tamen
1370 1943 1596 1991 neglegentia

156 2004 328 2040 omissum
360 2016 435 2041 esse
469 2005 551 2042 inde
591 2005 710 2052 colligi
742 2006 872 2051 potest,
908 2005 1005 2051 quod
1034 2007 1230 2053 postquam
1255 2005 1529 2042 Lacedaemonii
1552 2016 1595 2040 ex

155 2066 244 2102 urbe
286 2068 478 2111 cesserunt,
516 2067 752 2104 Athenienses
791 2066 919 2104 statim
961 2067 999 2103 in
1037 2079 1116 2104 eam
1151 2067 1325 2105 admissos
1363 2079 1438 2104 esse
1479 2067 1596 2104 tradit

155 2139 185 2165 c.
216 2129 247 2172 1,
278 2128 336 2166 19.

256 2189 311 2226 De
336 2201 460 2238 pugna
486 2189 658 2237 Cyzicena
685 2201 793 2237 quam
827 2190 934 2239 longe
967 2190 1062 2227 inter
1101 2202 1138 2227 se
1174 2190 1309 2227 distent
1333 2189 1532 2237 Xenophon
1560 2191 1596 2226 et

155 2250 337 2289 Diodorus
378 2250 488 2299 (Xen.
521 2252 550 2296 I,
580 2253 614 2296 1,
650 2251 811 2290 14-18.
866 2253 971 2289 Diod.
1011 2252 1110 2296 XIII,
1139 2253 1198 2290 50.
1226 2253 1302 2298 51),
1341 2264 1423 2288 cum
1449 2252 1513 2288 alii
1539 2264 1596 2288 ex-

154 2314 352 2359 posuerunt
363 2314 443 2349 tum
461 2312 493 2348 B
508 2324 528 2348 r
540 2312 584 2349 ei
596 2314 643 2349 te
655 2313 713 2350 nb
725 2323 778 2350 ac
790 2312 897 2349 hius
931 2314 1036 2360 (mus.
1049 2313 1161 2351 Rhea.
1177 2313 1249 2352 vol.
1265 2312 1370 2349 XXII
1377 2325 1413 2360 p.
1425 2314 1500 2353 500
1512 2315 1593 2362 sq.).

154 2374 219 2411 Cui
244 2374 281 2410 in
308 2386 348 2411 eo
374 2386 446 2412 non
471 2375 634 2411 adsentio
661 2375 759 2422 quod
784 2386 826 2411 ea
852 2387 945 2422 quae
971 2376 1014 2411 de
1038 2376 1106 2411 hac
1131 2387 1254 2423 pugna
1277 2374 1459 2412 Diodorus
1483 2374 1597 2413 refert

153 2435 248 2473 inter
273 2448 310 2473 se
343 2447 415 2473 non
450 2436 539 2474 satis
574 2436 663 2474 dicit
688 2436 887 2475 convenire.
940 2436 1028 2475 Cum
1047 2436 1156 2473 'enim
1188 2438 1308 2474 cetera
1348 2437 1469 2474 omnia
1507 2438 1597 2475 satis
