1755 2892
882 180 935 221 30

161 311 307 359 phonte.
361 310 547 359 Selybriae
573 311 620 348 ab
647 311 928 349 Atheniensibus
956 313 1084 358 captae
1101 310 1301 359 Xenophon
1325 310 1355 357 1,
1379 310 1414 360 3,
1442 310 1491 351 10
1511 322 1610 348 men-

160 374 296 411 tionem
334 373 482 421 quidem
533 374 630 422 fecit,
681 373 772 409 nihil
813 375 935 410 tamen
975 374 1179 410 accuratius
1214 374 1408 411 memoriae
1439 373 1612 421 prodidit.

160 435 333 471 Pluribus
357 435 401 471 de
426 435 495 471 hac
517 447 557 471 re
594 437 631 471 et
671 432 861 471 Plutar
876 435 993 471 chus
1033 446 1064 474 c.
1098 435 1147 473 30
1172 437 1209 471 et
1234 435 1416 472 Diodorus
1440 446 1472 472 c.
1500 435 1560 482 66,
1587 434 1612 472 4

162 499 326 545 egerunt,
354 499 390 533 et
416 495 606 533 Plutarchi
632 496 777 543 quidem
803 497 978 541 narratio,
1020 508 1113 544 quae
1136 497 1290 543 amplior
1316 500 1382 545 est,
1424 499 1501 534 tam
1527 498 1617 547 apte

161 559 328 595 convenit
353 570 434 594 cum
459 559 585 605 paucis
610 556 682 595 illis
709 571 802 605 quae
827 559 924 604 apud
950 559 1150 595 Diodorum
1176 561 1312 603 extant,
1339 561 1382 595 ut
1409 559 1519 595 etiam
1544 557 1611 593 hoc

160 621 239 656 loco
278 619 550 666 Theopompum
585 621 729 665 praeter
769 616 953 666 Ephorum
979 632 1015 659 xa
1056 617 1254 656 Plutarcho
1294 620 1498 657 adhibitum
1533 630 1612 656 esse

161 681 353 718 verisimile
389 681 450 720 sit.
503 680 572 716 Oui
600 681 759 727 opinioni
798 681 835 717 id
862 681 1089 728 potissimum
1127 681 1345 726 velificatur,
1382 682 1479 729 quod
1514 680 1621 726 Alci-,

158 744 276 780 biadis
301 744 493 790 praecipue
521 743 622 780 facta
645 745 839 787 ornantur;
877 744 1107 790 Theopompo
1135 744 1246 791 igitur
1272 755 1365 791 quae
1391 736 1562 791 leguntur
1587 756 1609 780 a

161 807 309 844 vocibus
345 803 568 854 ἀφειδήσας
595 802 739 842 ἑαυτὸν
766 818 881 852 usque
920 807 966 841 ad
1001 806 1108 842 finem
1135 807 1264 853 capitis
1304 807 1507 854 tribuerim,
1532 816 1613 841 cum

161 867 373 914 praesertim
400 866 489 903 hacc
525 866 655 912 capitis
690 878 775 912 pars
808 879 830 902 a
856 867 984 903 ceteris
1009 867 1180 904 facillime
1206 870 1425 908 secernatur,
1477 867 1614 903 Deinde

163 932 199 967 et
225 928 424 975 Xenophon
449 927 477 972 I,
507 927 542 975 3,
570 927 592 965 9
636 930 673 964 et
696 928 914 965 Plutarchus
941 942 971 969 e.
1001 930 1045 967 31
1077 930 1237 966 indutias
1264 931 1310 966 ab
1337 930 1396 966 eis*
1413 929 1611 965 Athenien-

163 992 255 1027 sium
283 987 447 1033 ducibus,
475 989 538 1035 qui
565 989 612 1024 ad
637 989 894 1025 Chalcedonem
910 992 1158 1026 remanserant
1187 989 1270 1039 (pro
1285 990 1415 1037 quibus
1433 990 1614 1027 Diodorus

162 1051 395 1089 Theramenis
421 1062 552 1087 nomen
577 1050 718 1100 affert),
745 1063 825 1088 cum
852 1051 1088 1089 Pharnabazo
1115 1049 1232 1089 factas
1259 1065 1334 1089 esse
1358 1052 1523 1092 tradunt.
1569 1052 1612 1088 In

163 1116 294 1161 quibus
331 1114 369 1148 id
410 1113 498 1147 mihi
539 1113 745 1148 accuratius
794 1114 890 1158 apud
931 1114 1204 1159 Xenophontem
1242 1114 1419 1150 traditum
1454 1111 1608 1157 videtur,

163 1178 341 1213 statutum
369 1185 445 1210 esse
470 1173 707 1210 Athenienses
734 1170 805 1217 τήν
833 1171 1173 1224 Φαρναβάζου
1214 1173 1339 1226 χώραν
1379 1172 1426 1226 μή
1454 1174 1611 1226 οἷδζκεῐν,
1648 1171 1652 1177 ’

163 1252 229 1286 pro
250 1250 321 1285 quo
331 1236 530 1282 Xenophon
547 1236 656 1272 habet
668 1234 892 1279 Ἀθηναίους
907 1236 948 1273 δὲ
963 1237 1010 1287 μή
1030 1239 1209 1287 πολεμεῖν
1223 1239 1258 1273 Κ
1270 1239 1329 1274 αλ
1338 1237 1428 1287 χηδ
1439 1251 1491 1275 ον
1502 1236 1516 1274 ι’
1527 1251 1548 1274 ο
1559 1252 1572 1274 ι
1583 1250 1612 1286 ς,

163 1301 260 1348 quod
286 1311 417 1336 sanum
444 1309 587 1334 sensum
612 1310 685 1333 non
710 1299 883 1343 praebet;
914 1299 1058 1335 videtur
1085 1299 1200 1348 igitur
1237 1312 1303 1346 pro
1329 1297 1613 1348 Καλχηδονίοις

163 1362 354 1409 legendum
379 1371 455 1396 esse
482 1357 742 1408 Φαρναβάζῳ.

265 1423 308 1459 In
337 1420 506 1468 Byzantii
532 1420 736 1456 obsessione
762 1421 995 1457 describenda
1030 1422 1274 1458 Diodorus
1301 1434 1331 1458 c.
1359 1423 1419 1461 66.
1448 1423 1495 1460 67
1522 1421 1614 1457 mul-

162 1489 242 1521 tum
270 1484 452 1529 discrepat
478 1493 560 1517 cum
586 1481 834 1527 Xenophonte,
861 1482 1152 1520 Plutarchus
1196 1496 1226 1522 c.
1254 1483 1300 1520 31
1337 1495 1418 1519 cum
1457 1485 1612 1529 utroque

162 1547 200 1581 in
225 1544 407 1581 nonnullis
434 1543 616 1587 convenit,
659 1546 696 1579 et
720 1543 790 1580 hoc
830 1543 974 1589 quidem
999 1544 1078 1580 loco
1105 1544 1185 1589 ipsa
1212 1556 1254 1580 ea
1279 1556 1372 1590 quae
1398 1544 1444 1580 ab
1471 1555 1511 1579 eo
1538 1546 1614 1579 tra-

164 1607 301 1642 duntur
327 1617 400 1641 non
425 1605 516 1640 satis
543 1606 622 1640 arte
651 1604 745 1641 inter
770 1617 808 1641 se
835 1604 1038 1644 cohaerent.
1093 1605 1148 1641 Ea
1187 1606 1280 1642 enim
1319 1617 1412 1653 quae
1447 1606 1489 1641 de
1513 1605 1613 1646 ,urbe

163 1681 227 1714 per
241 1668 363 1703 dolum
381 1668 427 1702 ab
445 1667 634 1701 Alcibiade
651 1668 758 1711 capta
772 1666 898 1709 tradit,
925 1678 1073 1711 prorsus
1089 1667 1317 1703 consentiunt
1339 1664 1420 1703 cum
1441 1666 1613 1715 Diodoro;

162 1729 337 1766 nonnulla
363 1739 456 1775 quae
483 1727 559 1764 eius
580 1727 783 1764 narrationi
809 1727 951 1764 adiecta
971 1730 1065 1773 sunt,
1094 1740 1135 1765 ex
1155 1729 1279 1765 eodem
1295 1719 1442 1766 auctore
1468 1732 1613 1775 sumpta

165 1804 241 1829 esse
267 1791 448 1838 videntur,
488 1790 588 1827 velut
615 1790 713 1836 quod
738 1790 945 1825 Alcibiades
972 1790 1091 1833 alteri,
1119 1790 1356 1826 Theramenes
1383 1790 1488 1826 alteri
1515 1781 1612 1825 exer-

165 1853 258 1888 citus
284 1851 382 1898 parti
409 1850 606 1897 praefuisse
633 1850 778 1889 dicitur.
829 1850 963 1887 Errore
983 1850 1120 1887 factum
1147 1863 1222 1889 esse
1239 1853 1369 1899 potest,
1398 1851 1495 1899 quod
1521 1852 1613 1887 teste

168 1912 368 1951 Plutarcho
407 1910 574 1960 trecenti,
615 1914 708 1949 teste
746 1913 905 1950 Diodoro
956 1914 1144 1960 quingenti
1182 1915 1280 1960 capti
1318 1918 1412 1952 sunt.
1475 1914 1612 1949 Deinde

166 1977 287 2010 autem
327 1985 419 2020 quae
453 1975 654 2019 sequuntur
689 1973 735 2009 de
766 1973 1013 2019 proditoribus
1049 1977 1176 2021 postea
1215 1975 1391 2011 accusatis
1431 1970 1518 2022 (Διό
1546 1972 1611 2010 καὶ

165 2034 269 2079 δίκην
304 2034 417 2084 κτλ.),
459 2046 552 2081 quae
589 2034 735 2071 minime
770 2037 854 2081 apte
893 2048 974 2071 cum
1008 2037 1062 2072 'eis
1099 2050 1190 2083 quae
1224 2037 1442 2073 antecedunt
1476 2047 1609 2072 conexa

166 2099 270 2145 sunt,
311 2098 478 2133 accurate
512 2098 717 2144 congruunt
750 2108 830 2132 cum
864 2097 1111 2145 Xenophonte.
1176 2098 1369 2135 Praeterea
1407 2110 1488 2134 cum
1526 2098 1613 2133 haec

166 2159 330 2206 narratio
355 2158 539 2194 simillima
572 2158 621 2194 sit
655 2158 706 2194 eis
731 2170 823 2205 quae
854 2160 1036 2205 superiore
1074 2160 1193 2206 capite
1228 2160 1272 2196 de
1303 2159 1468 2206 Selybria
1505 2160 1613 2205 capta

166 2221 305 2257 tradita
331 2222 426 2268 sunt,
453 2222 646 2267 utramque
671 2220 918 2256 narrationem
946 2221 992 2257 ad
1019 2222 1169 2258 eundem
1195 2224 1377 2258 auctorem
1390 2220 1614 2258 referendam

169 2295 244 2320 esse
264 2282 370 2319 facile
395 2284 451 2318 est
477 2282 523 2318 ad
548 2282 843 2330 intellegendum.

270 2455 398 2500 Itaque
424 2454 511 2501 quin
540 2453 835 2490 Plutarchus
862 2467 891 2493 c,
920 2456 1067 2493 27—31
1097 2456 1349 2501 Ephorum
1375 2457 1417 2492 in
1444 2449 1612 2502 pleris-
