1755 2892
822 190 871 226 37

116 310 309 352 tribuenda
334 320 410 346 esse
435 307 613 352 videntur,
641 307 741 344 cuius
766 306 944 346 sententia
970 318 1011 344 eo
1039 307 1215 355 imprimis
1241 308 1439 357 significari
1466 307 1565 344 vide-

116 378 187 418 tur,
213 371 311 419 quod
325 369 542 406 Plutarchus
566 381 736 416 pompam
755 369 856 405 illam
875 369 963 405 dicit
981 366 1081 405 ὖπό
1101 375 1202 405 ’τῶν
1229 367 1284 418 μή
1321 367 1565 419 φθονούν-

118 446 221 471 των
276 428 531 481 ἱεροφαντίαν
569 428 633 465 καὶ
673 427 949 479 μυσταγωγίαν
983 429 1375 479 προσαγορευομένην·
1412 431 1566 477 apparet

116 495 209 532 enim
252 488 348 534 τούς
395 492 647 539 φθονοῦντας
689 503 765 527 esse
813 491 1038 527 adversarios
1082 491 1163 527 illos
1209 491 1426 535 Alcibiadis,
1472 502 1565 537 quos

117 556 365 602 Theopompus
397 552 612 599 plerumque
656 551 876 599 perstringit.
936 552 1065 600 Itaque
1100 552 1208 590 etiam
1247 564 1290 589 ea
1329 564 1422 600 quae
1459 550 1564 589 initio

115 617 243 664 capitis
260 616 411 651 narrata
430 616 515 650 sunt
534 614 581 649 ad
602 614 752 649 eundem
776 615 960 649 auctorem
990 625 1063 650 non
1083 615 1218 661 absque
1243 614 1555 651 verisimilitudine

114 678 333 719 referentur;
361 674 527 710 similiter
549 674 643 709 enim
664 676 819 720 utroque
838 674 916 710 loco
940 674 1189 721 Xenophontis
1215 675 1415 711 narrationi
1435 674 1561 711 addita.

115 741 199 777 sunt
224 749 266 775 ea
291 748 384 784 quae
411 736 457 782 ad
485 735 577 771 ritus
606 747 727 772 sacros
754 736 934 781 spectant.

209 799 315 842 Quae
350 791 500 833 exeunte
526 796 644 842 capite
685 796 734 833 34
757 796 896 832 tradita
933 798 1018 832 sunt
1057 797 1099 832 de
1143 796 1336 833 domestico
1382 798 1482 832 statu
1508 797 1561 832 rei

117 860 281 909 publicae
311 858 564 903 Atheniensis,
609 858 655 894 ad
697 870 739 895 ea
778 870 871 905 quae
905 858 1105 905 insequenti
1148 860 1265 905 capite
1290 860 1489 895 narrantur
1516 858 1560 894 de

115 913 301 959 Alcibiade
337 921 384 956 ab
420 920 571 965 imperio
614 922 753 956 remoto
792 922 953 965 spectare
991 922 1093 956 recte
1129 920 1221 956 vidit
1246 920 1427 964 Frickius3
1467 932 1560 967 quae

112 986 234 1019 tamen
258 993 331 1017 non
358 993 400 1017 ex
439 981 584 1027 Ephoro
611 981 673 1016 sed
699 993 742 1016 ex
767 981 996 1028 Theopompo
1021 982 1155 1018 hausta
1181 994 1255 1018 esse
1282 982 1380 1019 infra
1405 982 1550 1018 demon·

112 1037 317 1082 strabimus.
373 1043 441 1079 Sed
471 1055 512 1079 ex
538 1043 594 1079 his
620 1043 707 1089 ips'1s
735 1043 858 1090 colligi
878 1046 999 1090 potest-
1022 1044 1290 1090 Theopompum
1314 1056 1336 1080 a
1361 1044 1558 1080 Plutarcho

113 1107 179 1143 hoc
204 1106 282 1142 loco
307 1105 510 1141 adhibitum
546 1116 630 1142 esse.
685 1104 860 1141 Similiter
893 1105 987 1140 enim
1019 1106 1128 1152 atque
1167 1106 1346 1142 Diodorus
1386 1116 1416 1140 c.
1444 1105 1504 1149 68,
1532 1104 1557 1141 4

113 1164 332 1204 Plutarchus
355 1167 422 1203 hoc
446 1167 525 1203 loco
547 1169 803 1202 commemorat
828 1167 969 1213 plebem
994 1179 1066 1203 non
1086 1167 1191 1203 modo
1218 1167 1323 1203 valde
1341 1166 1557 1203 admiratam

113 1239 186 1264 esse
211 1227 446 1271 Alcibiadem,
480 1228 541 1264 sed
564 1228 674 1263 etiam
700 1239 861 1274 sperasse
898 1240 980 1264 eum
1012 1229 1081 1265 sibi
1116 1228 1252 1265 socium
1290 1226 1364 1264 fere
1390 1227 1428 1263 in
1452 1238 1559 1274 repu-

111 1288 206 1324 blica
232 1288 434 1333 evertenda,
468 1290 504 1325 et
530 1288 716 1324 Plutarchi
755 1287 899 1336 quidem
930 1290 1041 1326 verba
1075 1289 1113 1325 in
1153 1289 1365 1326 acerrimum
1391 1289 1558 1336 demago-

110 1361 237 1397 gorum
263 1350 462 1387 convicium
488 1362 659 1387 conversa
701 1353 808 1391 sunt:
845 1363 930 1387 nam
964 1363 1046 1387 cum
1078 1351 1167 1388 dicit
1192 1351 1369 1399 quosdam
1400 1362 1419 1387 e
1454 1350 1557 1397 plebe

111 1404 191 1447 eum
226 1411 439 1449 adhortatos
486 1425 562 1449 esse
610 1406 713 1454 ὅπως
755 1416 855 1449 τοῦ
894 1409 1092 1462 φθόνου
1133 1411 1382 1461 κρείττων
1426 1406 1558 1459 γενό-

111 1484 248 1519 μενος
276 1472 341 1507 καὶ
369 1471 601 1520 μεταβαλών
630 1471 870 1522 ψηφίσματα
899 1473 961 1509 καὶ
998 1470 1138 1523 νόμους
1169 1472 1254 1508 καὶ
1290 1469 1558 1521 φλυάρους

111 1529 449 1577 ἀπολλύντας
484 1530 580 1577 τήν
621 1530 773 1570 πόλιν
816 1531 863 1576 ὦς
893 1529 940 1570 οἷν
979 1531 1207 1585 προίξῃκαὶ
1244 1529 1441 1583 χρήσηται
1475 1539 1558 1576 τοῖς

110 1589 312 1643 πράγμασι
342 1591 400 1644 μή
432 1592 603 1637 δεδιώς
633 1592 755 1638 τοΰς
792 1592 1154 1643 στκοφοίντας,
1193 1596 1231 1630 id
1270 1595 1414 1631 videtur
1447 1595 1559 1642 signi-

108 1654 208 1691 ficari
244 1655 381 1693 invidia
408 1656 691 1704 demagogorum
718 1656 865 1694 illorum
897 1655 1025 1706 (quam
1062 1668 1176 1703 usque
1203 1656 1473 1703 Theopompum
1499 1667 1555 1693 re-

109 1716 325 1762 prehendere
353 1717 527 1766 vidimus)
553 1718 690 1753 factum
717 1730 791 1754 esse
817 1720 860 1754 ut
897 1730 962 1764 per
987 1718 1176 1764 plebiscita
1210 1720 1246 1753 et
1270 1718 1367 1764 leges
1394 1719 1431 1753 et
1456 1728 1558 1763 syco-

108 1777 327 1823 phantarum
352 1778 501 1816 insidias
527 1779 789 1826 prohiberetur,
817 1779 1009 1827 quominus
1046 1778 1306 1826 rempublicam
1334 1778 1381 1815 ab
1406 1778 1557 1815 interitu

109 1842 280 1878 servaret.
331 1841 475 1876 Nullius
500 1841 570 1877 nisi
594 1841 815 1887 Theopompi
842 1842 935 1877 hanc
965 1842 1183 1891 sententiam
1221 1852 1296 1876 esse
1331 1852 1437 1886 posse
1475 1852 1556 1876 cum

108 1912 172 1946 per
196 1913 232 1938 se
268 1904 380 1949 patet,
412 1904 491 1939 tum
530 1915 570 1939 eo
606 1904 872 1949 comprobatur,
912 1904 1009 1951 quod
1035 1903 1131 1939 idem
1163 1902 1381 1939 Plutarchus
1416 1902 1556 1939 similli-

107 1973 203 1998 mam
229 1964 368 2009 profert
394 1964 613 2000 sententiam
647 1964 753 2001 huius
790 1965 888 2001 vitae
914 1976 945 2004 c.
976 1965 1021 2001 19
1049 1966 1213 2008 exeunte,
1242 1976 1348 2011 quem
1375 1964 1493 2006 locum
1519 1965 1556 2000 et

105 2020 222 2068 ipsum
248 2025 295 2061 ad
320 2025 589 2075 Theopompum
618 2026 844 2062 referendum
870 2038 947 2063 esse
973 2038 1084 2073 supra
1112 2026 1232 2062 conati
1258 2037 1380 2062 sumus
1409 2025 1554 2061 demon-

107 2086 244 2129 stram
291 2087 354 2122 ubi
403 2087 482 2133 ipsa
531 2088 643 2124 verba
693 2085 911 2135 τρέπεσθαι
962 2084 1059 2135 πρὸς
1111 2085 1206 2128 τούς
1250 2084 1454 2134 πολεμίους
1493 2084 1552 2134 μή

110 2142 371 2183 δεδοικότι
401 2143 527 2190 τούς
556 2144 890 2197 συκοφάντας
914 2148 998 2185 huic
1022 2149 1100 2186 loco
1128 2147 1312 2184 simillima
1337 2149 1435 2187 sunt.

206 2208 260 2245 De
288 2210 424 2256 proelio
452 2210 497 2246 ad
525 2210 690 2246 Andrum
715 2210 813 2246 facto
852 2211 1094 2248 Diodorus
1118 2223 1145 2246 c.
1176 2212 1236 2254 69,
1264 2211 1288 2247 4
1325 2221 1406 2246 cum
1430 2209 1549 2247 Xeno·

104 2267 237 2313 phonte
263 2270 291 2316 I,
319 2271 354 2315 4,
381 2272 428 2309 22
456 2272 502 2307 ad
526 2272 675 2308 verbum
714 2269 787 2308 fere
815 2272 991 2321 congruit,
1025 2274 1147 2309 tamen
1185 2273 1221 2308 et
1252 2283 1369 2319 pauca
1408 2263 1551 2307 addidit

105 2330 141 2365 et
165 2342 205 2366 eo
232 2330 345 2369 distat
377 2334 423 2369 ab
449 2333 522 2377 illo,
553 2334 648 2379 quod
676 2333 943 2380 Thrasybulum
968 2334 1006 2370 in
1032 2333 1150 2370 insula
1175 2333 1355 2380 praesidio
1384 2333 1550 2370 relictum

107 2401 181 2427 esse
208 2393 316 2438 dicit3
344 2406 455 2441 supra
481 2395 575 2431 enim
593 2395 666 2431 iam
688 2384 891 2432 monuimus
909 2396 1010 2432 illum
1036 2397 1129 2432 teste
1147 2395 1382 2442 Xenophonte
1408 2396 1487 2431 tum
1512 2395 1551 2431 in

105 2450 258 2493 Thracia
281 2454 403 2502 fuisse,
430 2459 522 2495 teste
549 2458 779 2507 Theopompo
822 2469 904 2495 cum
947 2458 1130 2497 Alcibiade
1156 2457 1318 2497 Athenas
1343 2457 1547 2507 profectum
