1755 2892
823 155 873 197 47

134 281 232 338 quae
251 284 472 333 Theopompi
496 284 535 321 in
560 284 691 331 pugnis
717 284 956 322 describendis
980 286 1129 332 propria
1154 288 1248 331 sunt,
1265 284 1441 334 ,cognosci
1466 285 1562 331 lieet,

130 354 168 388 et
191 351 397 386 accuratam
430 348 589 383 locorum
616 347 890 392 descriptionem
916 359 1105 393 rerumque
1131 349 1358 384 nauticarum
1384 348 1565 392 notitiam,

84 440 86 442 ι
130 414 167 449 et
191 410 350 456 amplam
375 411 671 456 strategematum
704 408 970 454 expositionem,
1007 411 1043 446 et
1078 410 1273 455 speciosam
1308 408 1563 450 narrationem,

119 484 203 520 ,qua
226 473 415 517 tamquam
441 470 508 506 sub
534 470 655 506 oculos
682 481 739 505 res
765 469 1000 513 subiciuntur,
1028 471 1064 505 et
1090 471 1377 506 adversariorum
1405 459 1449 504 in⁴
1471 481 1562 515 pug-

129 533 248 571 nando
272 530 482 569 certationis
508 531 780 577 oppositionem.
816 529 980 567 Ceterum
1004 529 1172 567 Herbstio
1200 532 1237 577 (1.
1265 543 1281 567 s
1319 543 1348 569 c.
1373 543 1409 577 p.
1437 531 1486 568 20
1508 542 1563 576 sq.

126 598 216 633 nota
246 595 309 639 31)
336 592 519 628 adsentior
531 593 682 628 Diodori
708 592 751 627 de
777 592 844 627 hac
870 604 992 639 pugna
1014 593 1262 629 narrationem
1290 591 1563 638 praeferendam

127 667 202 695 esse
243 654 490 701 Xenophonti,
544 654 608 700 qui
659 654 702 689 de
753 664 795 689 ea
833 664 949 699 pauca
983 664 1047 689 nec
1085 654 1173 689 satis
1209 654 1398 699 perspicua
1447 653 1564 689 tradit

128 718 156 765 1,
184 719 219 765 6,
248 716 308 756 16.
338 708 395 754 17.

226 777 348 814 Etiam
381 775 425 812 de
460 787 554 811 nova
593 774 698 811 classi
732 775 777 810 ab
818 775 1095 812 Atheniensibus
1132 776 1311 812 instructa
1336 775 1563 812 accuratiora

125 839 279 876 tradidit
305 836 557 873 Diodorus
584 847 614 873 c.
642 837 701 879 97,
735 837 764 883 l,
801 848 909 882 quam
951 837 1147 883 Xenophon
1174 840 1207 880 6,
1236 837 1310 880 243
1351 838 1453 872 velut
1490 844 1563 873 non

125 899 307 936 invenitur
333 898 431 944 apud
455 897 728 943 Xenophontem
768 898 865 943 quod
898 898 959 934 ille
996 900 1250 935 commemorat
1275 898 1459 934 civitatem
1485 910 1559 934 me-

126 961 236 997 toecis
260 963 298 997 et
321 959 519 1007 peregrinis
545 959 667 994 datam
698 970 787 997 esse.
839 959 1067 995 Dissentiunt
1091 962 1279 1005 praeterea
1321 960 1415 994 inter
1446 971 1484 995 se
1520 960 1563 995 de

125 1022 271 1058 navium
296 1021 342 1056 ab
369 1020 648 1056 Atheniensibus
674 1022 898 1056 armatarum
930 1032 1088 1063 numero,
1129 1021 1172 1055 de
1211 1032 1283 1066 qua
1308 1021 1511 1056 differentia
1534 1021 1565 1056 si

124 1084 220 1119 recte
243 1081 412 1117 disseruit
438 1079 634 1117 Herbstius
659 1093 696 1126 p.
729 1081 789 1124 27,
817 1081 926 1116 etiam
954 1081 991 1116 in
1017 1093 1059 1116 ea
1094 1093 1132 1116 re
1159 1081 1337 1117 Diodorus
1363 1082 1566 1118 accuratior

124 1144 179 1178 est
214 1140 312 1191 (cum
348 1154 420 1188 quo
446 1142 623 1181 consentit
647 1142 743 1180 Plat.
770 1141 908 1179 Menex.
938 1142 1011 1180 243
1042 1143 1088 1187 e).
1152 1142 1195 1176 In
1232 1154 1354 1188 pugna
1387 1143 1433 1177 ad
1459 1143 1568 1189 Argi·

124 1214 233 1240 nusas
274 1199 409 1240 insulas
449 1203 682 1240 describenda
729 1202 803 1249 (Di
817 1203 883 1242 od.
925 1215 955 1240 c.
992 1203 1039 1241 97
1108 1204 1171 1249 99)
1212 1203 1337 1240 statim
1375 1204 1421 1239 ab
1462 1204 1565 1240 initio

123 1265 345 1312 Theopompi
369 1265 523 1312 vestigia
557 1266 735 1311 apparent
778 1265 816 1299 in
840 1265 1112 1300 accuratissima
1138 1265 1299 1311 locorum
1325 1265 1566 1310 descriptione

125 1326 200 1376 (97,
228 1326 280 1373 3).
332 1326 418 1362 Inde
446 1338 526 1362 cum
552 1326 749 1372 Xenophon
774 1326 823 1373 (6,
853 1326 915 1372 32)
951 1327 1076 1362 tradat
1103 1326 1372 1362 Callicratidam
1400 1328 1446 1362 ab
1473 1327 1564 1363 Her-

123 1400 230 1425 mone
268 1389 530 1434 praemonitum
574 1400 659 1432 esse,
701 1400 746 1423 ne
784 1388 1013 1434 paucioribus
1047 1388 1200 1424 navibus
1236 1388 1414 1433 proelium
1430 1388 1567 1447 iniret,

124 1450 221 1496 apud
260 1450 461 1486 Diodorum
495 1449 630 1496 legitur
675 1451 711 1485 et
747 1448 999 1485 Oallicratidae
1051 1450 1088 1484 et
1128 1449 1319 1495 Thrasyllo
1358 1461 1380 1484 a
1418 1450 1567 1486 vatibus

122 1511 284 1558 ipsorum
311 1511 501 1552 interitum
528 1513 564 1546 et
594 1511 718 1546 classis
744 1510 935 1547 victoriam
959 1510 1183 1556 praedictam
1209 1522 1294 1546 esse.
1348 1510 1447 1552 Quae
1472 1511 1565 1547 vati-

124 1572 217 1608 cinia
259 1573 384 1609 adlata
428 1584 503 1609 esse
541 1574 709 1618 apparet,
745 1584 816 1618 quo
851 1571 967 1618 magis
1003 1571 1136 1607 ducum
1169 1571 1286 1607 virtus
1321 1571 1494 1615 eluceret;
1530 1575 1567 1608 et

122 1634 314 1681 praecipue
340 1634 501 1671 oratione
526 1633 591 1669 illa
625 1632 879 1669 Callicratidae
913 1632 961 1681 (c.
987 1634 1049 1677 98,
1079 1633 1112 1672 1.
1140 1633 1178 1679 2)
1214 1632 1390 1669 fortitudo
1426 1633 1501 1669 eius
1528 1636 1565 1669 et

123 1695 235 1730 animi
261 1695 465 1731 constantia
490 1706 599 1741 quam
627 1695 781 1730 maxime
810 1695 966 1732 effertur.
1018 1692 1246 1729 Dissentiunt
1282 1704 1304 1727 a
1329 1692 1566 1741 Xenophonte

62 1744 67 1748 ¹
124 1767 166 1792 ea
192 1767 285 1803 quae
311 1756 491 1793 Diodorus
517 1755 633 1792 tradit
664 1755 708 1791 de
740 1756 816 1792 acie
850 1755 896 1804 ab
920 1754 1199 1791 Atheniensibus
1224 1754 1404 1791 instructa
1431 1757 1476 1802 (c.
1504 1756 1566 1800 98,

122 1818 144 1853 3
158 1837 181 1842 —
198 1817 252 1866 5).
305 1817 558 1863 Amplissimus
585 1817 711 1852 deinde
743 1820 798 1852 est
838 1817 877 1852 in
919 1806 1208 1852 adversariorum
1232 1817 1419 1863 pugnandi
1443 1818 1562 1853 studio

121 1878 352 1915 describendo
391 1880 437 1925 (c.
465 1878 525 1922 99,
559 1881 592 1918 1.
627 1877 690 1926 2);
731 1878 788 1914 cui
823 1876 925 1914 addit
960 1890 1081 1914 omnes
1121 1888 1282 1923 sperasse
1320 1878 1387 1914 hoc
1423 1878 1560 1924 proelio

84 1948 91 1952 ·
120 1939 214 1976 bello
240 1940 347 1976 finem
381 1940 591 1986 impositum
631 1940 677 1975 iri
722 1941 818 1986 (cum
853 1951 924 1986 quo
955 1940 1034 1975 loco
1073 1934 1182 1975 etiam
1213 1939 1467 1978 eonferendum
1506 1942 1561 1976 est

121 2001 217 2048 quod
259 2004 279 2048 ξ
307 2003 330 2040 6
357 2003 657 2039 commemoratur
684 2002 728 2038 de
753 1999 1054 2050 Euboeensibus).
1105 2001 1275 2048 Sequitur
1314 2000 1475 2047 speciosa
1515 2002 1559 2038 de

119 2065 235 2099 morte
276 2063 527 2100 Callicratidae
567 2064 749 2116 narratio,
787 2075 882 2109 quae
919 2062 1102 2098 simillima
1135 2066 1189 2098 est
1227 2063 1394 2098 relationi
1432 2064 1562 2100 mortis

119 2123 282 2161 Mindari
310 2136 403 2172 quae
437 2125 572 2172 legitur
611 2137 639 2160 c.
666 2126 725 2168 51,
754 2127 788 2163 6.
841 2124 884 2159 In
917 2124 1048 2170 quibus
1075 2124 1239 2160 omnibus
1272 2124 1379 2159 huius
1416 2136 1559 2172 pugnae

120 2185 313 2233 descriptio
337 2186 482 2221 minime
509 2186 680 2221 abhorret
706 2197 728 2220 a
754 2185 881 2221 ceteris
906 2185 956 2221 eis
980 2196 1070 2231 quas
1097 2186 1144 2221 ad
1171 2185 1441 2232 Theopompum
1466 2186 1557 2222 refe-

120 2248 249 2284 rendas
277 2259 352 2284 esse
378 2247 586 2284 statuimus.
966 2254 970 2257 ·

221 2309 265 2346 In
284 2310 335 2346 eis
361 2320 453 2357 quae
479 2320 508 2347 c.
540 2307 612 2354 100
636 2308 833 2345 traduntur
859 2308 902 2345 de
933 2307 1080 2345 navium
1106 2307 1269 2358 reliquiis
1294 2308 1340 2345 ab
1365 2308 1565 2347 Athenien-

121 2371 219 2408 sibus
244 2365 421 2420 collectis,
441 2371 567 2408 statim
593 2371 751 2407 cernitur
764 2399 774 2419 7
814 2371 911 2417 quod
942 2370 1090 2407 Grotius
1123 2370 1216 2406 vidit
1258 2370 1428 2407 interesse
1469 2372 1564 2408 inter

120 2431 367 2480 Xenophontis
394 2436 430 2470 et
448 2433 600 2469 Diodori
624 2431 862 2477 narrationes,
889 2433 984 2479 quod
1007 2432 1104 2478 apud
1125 2432 1326 2468 Diodorum
1351 2444 1426 2469 non
1443 2433 1566 2480 agitur

1669 256 1676 285 ἱ
