1755 2892
890 137 915 175 6

275 267 411 312 Jtaque
450 267 478 301 si
506 267 727 302 conferemus
766 267 1000 302 Cornelii
1042 267 1085 301 de
1123 266 1177 301 his
1218 266 1323 301 rebus
1360 265 1614 309 narrationem,

175 341 268 376 quae
296 329 397 364 extat
426 328 464 363 in
498 328 596 365 vitae
634 327 834 365 Alcibiadis
870 341 924 376 cp.
953 330 975 366 3
996 329 1064 377 -5‚
1107 340 1186 368 eam
1218 327 1466 375 intellegemus
1504 327 1541 363 in
1567 326 1617 363 eis

176 392 307 438 quibus
349 390 459 429 Diod.
496 402 518 426 a
556 390 667 430 Thuc.
706 391 836 434 differt,
875 402 1023 437 prorsus
1059 390 1247 427 convenire
1284 401 1366 425 cum
1389 389 1560 436 Diodoro,
1597 400 1619 423 a

176 453 287 489 Thuc.
315 451 426 488 etiam
454 451 571 500 magis
597 452 820 499 discrepare3
859 464 924 490 nec
964 452 1080 490 solum
1118 451 1157 488 in
1183 451 1314 489 eisdem
1343 451 1451 488 rebus
1475 450 1620 487 uberior

175 518 212 552 et
237 514 429 561 perfectior
468 516 523 551 est
549 526 658 561 quam
683 514 802 558 Diod„
842 515 904 551 sed
941 515 1050 551 etiam
1076 515 1119 550 de
1146 514 1196 550 eis
1222 525 1313 560 quae
1338 516 1445 550 antea
1470 511 1621 560 gesserit

176 576 383 612 Alcibiades
427 575 600 611 nonnulla
638 576 830 613 memoriae
870 576 1013 623 prodit,
1058 587 1150 623 quae
1188 576 1224 611 et
1258 575 1337 622 ipsa
1363 574 1620 612 sententiarum

158 651 169 677 κ’»
178 638 303 675 ordine
342 649 423 674 cum
463 637 513 674 eis
553 649 648 684 quae
686 650 767 674 cum
793 639 899 677 Diod.
928 641 1130 685 congruunt
1161 637 1340 674 artissime
1377 637 1622 685 coniungenda

179 701 364 745 eidemque
391 699 532 735 auctori
558 699 634 735 sine
660 700 768 736 dubio
793 701 988 737 tribuenda
1014 701 1113 739 sunt.

281 761 387 799 Corn.
413 760 526 807 igitur
552 762 744 807 postquam
784 774 813 800 c.
841 762 875 800 3.
903 763 927 799 4
967 762 1010 797 de
1048 761 1160 797 initiis
1186 757 1271 795 belli
1303 762 1430 796 contra
1462 759 1618 809 Syracu-

180 834 287 858 sanos
313 822 480 868 suscepti,
508 822 552 858 de
577 822 720 858 Hermis
747 823 909 868 deiectis,
954 823 997 860 de
1029 822 1255 859 accusatione
1279 821 1461 858 Alcibiadi
1485 821 1626 858 intenta

180 885 292 921 verba
318 882 415 928 fecit,
458 896 488 921 c.
516 886 551 933 4,
580 886 603 922 6
629 884 723 921 hunc
753 886 869 922 tradit
901 887 947 922 ad
973 885 1274 922 Lacedaemonios
1307 897 1344 921 se
1360 881 1565 921 >contulisse
1590 886 1626 920 et

182 959 263 982 cum
303 946 363 990 eis,
404 947 446 981 ut
487 946 563 992 ipse
602 947 813 992 praedicare
850 948 1083 992 consueverit,
1125 959 1222 995 „non
1262 946 1433 983 adversus
1468 947 1626 993 patriam

182 1009 245 1045 sed
272 1008 445 1044 adversus
470 1008 633 1044 inimicos
660 1020 744 1045 suos
760 1010 895 1045 bellum
918 1009 1103 1057 gessisse“,
1131 1009 1204 1057 qui,
1230 1009 1401 1056 quoniam
1418 1020 1455 1044 se
1480 1009 1626 1055 expulso

181 1069 414 1106 utilissimum
456 1070 676 1116 reipublicae
717 1071 916 1107 subsidium
953 1071 1206 1114 detraxissent,
1255 1070 1361 1106 simul
1398 1067 1628 1106 infensissimi

181 1131 281 1168 urbis
328 1131 451 1168 hostes
495 1133 625 1170 essent.
689 1132 777 1168 Inde
817 1145 898 1169 eum
937 1132 1228 1169 Lacedaemoniis
1270 1133 1413 1168 tantum
1452 1132 1628 1168 commodi

182 1194 388 1241 contulisse,
428 1196 470 1229 ut
511 1194 633 1242 „iam
674 1191 833 1230 multo
874 1195 1155 1241 superiores
1193 1194 1333 1230 bello
1377 1205 1485 1230 esse
1525 1205 1626 1229 coe-

181 1256 288 1302 piss
304 1257 423 1294 ent“.
476 1255 545 1291 Sed
570 1267 651 1291 cum
677 1256 728 1291 illi
759 1256 791 1292 ei
816 1258 966 1303 propter
981 1256 1156 1304 insignem
1176 1255 1320 1306 patriae
1346 1267 1505 1292 amorem
1535 1255 1629 1291 diffi-

183 1319 319 1361 derent,
347 1321 512 1354 coactum
538 1330 619 1353 eum
643 1330 718 1354 esse
744 1319 791 1353 ad
815 1319 1088 1365 Tissaphernem
1116 1317 1351 1364 transfugere.
1406 1316 1515 1364 Inde,
1541 1317 1627 1363 quia

179 1379 341 1425 patriam
367 1379 405 1414 in
431 1391 570 1415 summo
597 1379 756 1425 periculo
796 1392 871 1416 esse
903 1380 1005 1424 vidit,
1045 1376 1183 1426 aliquid
1227 1378 1404 1415 commodi
1438 1378 1471 1414 ei
1496 1389 1626 1424 parare

178 1441 330 1485 studuit,
368 1443 404 1477 et
430 1453 512 1477 cum
537 1441 613 1487 ipse
640 1442 871 1488 optimatium
896 1442 1062 1488 partibus
1088 1440 1236 1485 faveret,
1263 1441 1420 1487 primum
1448 1452 1529 1476 cum
1554 1439 1626 1475 illis

181 1503 224 1537 de
251 1502 371 1538 reditu
397 1514 461 1538 suo
487 1502 573 1548 egit,
597 1514 680 1538 mox
706 1503 751 1537 ab
778 1503 833 1538 his
860 1503 1055 1539 destitutus
1069 1505 1105 1538 et
1131 1503 1176 1538 ad
1196 1503 1345 1538 classem
1353 1500 1627 1537 Atheniensium

179 1575 202 1599 a
227 1562 404 1599 militibus
440 1565 628 1600 revocatus
672 1563 821 1599 Samum
858 1576 895 1601 se
922 1564 1085 1612 contulit,
1125 1566 1261 1611 postea,
1299 1576 1380 1600 cum
1406 1564 1627 1610 suffragante

179 1625 399 1660 Theramene
429 1625 555 1670 populi
581 1625 671 1661 scito
697 1626 888 1662 restitutus
917 1628 954 1661 et
988 1626 1094 1661 simul
1128 1637 1209 1661 cum
1238 1626 1300 1662 illo
1338 1627 1374 1661 et
1402 1624 1627 1671 Thrasybulo

179 1685 286 1723 classi
308 1686 512 1732 praefectus
539 1689 642 1731 esset,
671 1687 874 1734 „horum
916 1688 964 1723 in
1006 1688 1226 1733 imperio
1265 1689 1469 1724 tantam
1508 1698 1628 1722 com-

179 1748 517 1783 mutationem
542 1760 708 1784 rerum
734 1749 933 1784 factam
961 1748 1096 1785 esse“
1117 1749 1204 1784 dicit
1229 1748 1424 1791 Cornelius,
1452 1750 1494 1782 ut
1519 1747 1628 1792 paulo

181 1810 266 1854 post
292 1807 568 1844 Lacedaemonii
595 1809 720 1845 multis
746 1810 907 1846 cladibus
934 1811 1089 1857 acceptis
1115 1822 1239 1856 pacem
1262 1810 1440 1856 peterent.

285 1865 423 1906 Eadem
459 1870 572 1917 igitur
621 1871 816 1915 sententia,
868 1884 977 1918 quam
1019 1884 1130 1918 supra
1175 1872 1330 1908 vidimus
1384 1870 1484 1916 apud
1521 1869 1628 1907 Diod.

183 1933 373 1977 tamquam
415 1933 669 1978 argumentum
720 1932 769 1968 eis
811 1944 903 1979 quae
948 1934 992 1970 de
1030 1934 1168 1970 ultimis
1209 1933 1293 1969 belli
1335 1929 1631 1979 Peloponnesiaci

182 1992 287 2029 annis
310 1994 510 2029 narrantur
535 1994 771 2040 praemissam
811 2007 895 2039 esse,
938 1997 1034 2042 apud
1060 1996 1153 2033 Corn
1190 2007 1338 2042 prorsus
1373 1994 1494 2030 eodem
1521 1993 1629 2030 modo

183 2055 378 2090 adhibetur
415 2055 518 2101 eique
550 2056 660 2091 etiam
692 2057 775 2102 plus
809 2058 981 2093 momenti
1020 2059 1169 2094 affertur
1204 2057 1320 2093 altera
1357 2055 1514 2101 quadam
1553 2066 1630 2090 sen-

183 2116 301 2152 tentia
339 2128 420 2152 cum
465 2116 530 2152 illa
579 2117 759 2154 artissime
806 2118 1011 2163 coniuncta,
1057 2131 1167 2166 quam
1203 2118 1312 2155 etiam
1351 2116 1461 2156 Diod.
1501 2116 1629 2153 leviter

184 2178 314 2225 tangit.
366 2177 466 2214 Haec
510 2178 604 2214 enim
645 2179 742 2224 apud
776 2179 880 2219 Corn.
907 2192 1046 2216 summa
1081 2179 1155 2216 fere
1179 2180 1292 2216 totius
1319 2178 1539 2215 narrationis
1564 2180 1651 2224 est,-

184 2238 473 2275 Alcibiadis
528 2240 843 2285 potissimum
894 2242 1091 2278 virtute
1142 2244 1186 2278 et
1225 2240 1433 2289 ingenio
1487 2241 1630 2276 antea

186 2300 596 2339 Lacedaemoniis
621 2303 828 2339 maxima
855 2304 979 2340 belli
1004 2304 1258 2340 commoda
1293 2303 1479 2339 adlata
1508 2313 1628 2345 esse,

188 2364 401 2408 eundem,
435 2375 540 2400 cum
569 2364 964 2404 Atheniensibus
999 2367 1201 2403 auxilio
1222 2365 1462 2413 venisset,
1501 2362 1630 2401 belli

186 2425 446 2463 fortunam
486 2438 663 2464 rursus
703 2429 761 2465 ad
798 2441 881 2466 eos
922 2428 1253 2467 convertisse:
1299 2440 1370 2475 quo
1410 2428 1631 2475 quantopere
