1755 2892
848 201 897 239 57

149 319 225 355 riae
253 319 464 365 prodidisse,
507 319 570 356 sed
592 318 630 356 in
656 320 835 356 nonnullis
861 320 1122 356 concedendum
1150 321 1220 356 erit
1257 332 1337 355 eum
1363 318 1513 364 propius
1539 316 1586 352 ad

148 392 273 417 verum
300 381 465 418 accedere
491 393 601 428 quam
625 381 716 426 illos,
759 381 843 428 qui‚.
872 394 955 419 cum
993 382 1088 418 mala
1124 382 1166 418 de
1201 372 1388 429 Alcibiade
1415 379 1583 426 opinione

146 445 365 491 tenerentur,
391 444 522 490 ingenii
557 444 631 480 eius
671 444 953 490 magnitudinem
1006 456 1135 490 parum
1179 444 1347 480 videntur
1389 441 1587 488 agnovisse.

147 501 244 540 Nam
278 503 309 539 si
340 504 438 550 ipsas
471 515 547 547 res,
584 504 709 551 quales
749 505 795 540 ab
837 505 1001 541 omnibus
1047 505 1121 541 illis
1158 504 1394 550 scriptoribus
1430 501 1589 538 traditae

147 568 242 612 sunt,
285 568 505 612 spectamus,
546 567 733 612 probabile
771 579 842 603 non
879 570 933 603 est
957 567 1198 609 Alcibiadem,
1240 578 1264 611 p
1280 578 1301 601 o
1316 568 1358 601 st
1372 577 1507 620 quam
1543 564 1589 599 in

116 620 118 624 ¹
149 625 546 663 Atheniensium
569 629 739 673 partes
766 628 989 674 redierit,
1006 640 1171 675 usqueeo
1188 639 1251 664 suo
1266 627 1383 663 solum
1399 625 1587 662 commodo

131 689 312 736 ‚serviisse
337 691 446 736 atque
473 690 561 726 adeo
586 690 814 737 neglegenter
845 693 880 727 et
913 691 1194 736 intemperanter
1229 689 1380 735 imperio
1417 688 1583 723 functum

147 763 241 796 esse,
293 753 336 787 ut
371 752 581 789 Grotius
624 752 861 796 existimavit,
908 754 969 799 qui
1007 752 1207 798 Thucydidi
1242 750 1390 786 nimium
1435 748 1588 785 credidit

146 825 297 860 cumque
323 813 433 849 etiam
455 815 645 858 exsuperat
669 814 707 848 in
731 814 794 850 illo
820 813 1078 859 vituperando:
1111 813 1221 849 immo
1249 824 1333 848 vero
1363 813 1400 847 et
1427 810 1585 846 admira-

146 874 254 910 bilem
284 875 322 910 in
354 875 448 911 bello
487 875 640 922 gerendo
679 875 851 911 virtutem
890 877 926 910 et
964 875 1182 910 industriam
1223 873 1448 920 praestitisse
1486 874 1522 907 et
1550 869 1587 907 in

144 937 254 973 variis
282 935 478 974 factionum
504 937 632 973 studiis
658 949 790 984 magna
817 937 1062 972 moderatione
1087 937 1232 972 videtur
1257 947 1342 971 usus
1369 946 1457 972 esse.
1510 934 1584 969 Nec

143 997 268 1043 negari
291 1000 415 1043 potest
442 997 619 1040 Grotium,
657 1009 738 1033 cum
772 1009 814 1032 ea
840 1000 988 1044 propter
1027 1009 1119 1044 quae
1144 997 1353 1032 Alcibiades
1379 996 1512 1031 iterum
1536 996 1582 1030 ab

143 1059 293 1105 imperio
318 1061 476 1096 remotus
504 1061 567 1102 est,
595 1059 649 1096 illi
673 1060 740 1096 soli
766 1059 855 1096 vitio
881 1061 1048 1103 verteret,
1063 1059 1172 1095 nimio
1196 1059 1315 1095 studio
1329 1058 1454 1104 populi
1470 1058 1583 1093 Athe-

143 1119 319 1156 niensium
346 1121 442 1157 omni
470 1121 575 1165 culpa
601 1120 822 1156 absolvendi·
843 1121 1035 1167 abreptum
1070 1133 1156 1156 esse.
1210 1121 1386 1167 Equidem
1420 1119 1582 1166 proximo

143 1181 353 1217 accesserim
379 1182 426 1217 ad
465 1193 543 1218 eam
578 1193 687 1228 quam
711 1181 904 1218 Herbstius
930 1182 972 1218 de
999 1182 1054 1218 his
1093 1183 1199 1218 rebus
1225 1181 1415 1228 proposuit
1438 1183 1577 1217 senten·

143 1243 235 1279 tiam
275 1243 327 1289 (in
366 1256 407 1279 eo
444 1255 550 1290 quem
589 1244 730 1289 saepius
770 1244 917 1280 laudavi
957 1244 1051 1280 libro
1102 1257 1138 1290 p.
1181 1247 1191 1279 l
1211 1245 1330 1291 —3)‚
1367 1255 1389 1279 a
1428 1255 1501 1290 qua
1539 1255 1582 1278 ne

147 1303 188 1339 E.
217 1304 361 1340 Curtius
385 1305 530 1351 quidem
552 1306 705 1341 multum
733 1305 900 1341 dissentit
921 1305 962 1350 l).

244 1366 348 1409 Quod
374 1367 507 1403 attinet
532 1367 577 1402 ad
604 1366 776 1408 factiones
798 1367 1082 1409 Atheniensium,
1107 1380 1148 1403 eo
1175 1368 1271 1414 quod
1298 1370 1335 1403 et
1357 1363 1581 1412 Thucydides

142 1429 179 1463 et
205 1427 455 1474 Theopompus
482 1428 712 1474 optimatium
738 1428 904 1474 partibus
945 1429 1114 1465 faverunt
1150 1431 1186 1465 et
1227 1430 1264 1464 in
1303 1429 1435 1475 populo
1463 1428 1582 1464 dema-

140 1490 312 1538 gogisque
337 1491 582 1537 vituperandis
609 1491 846 1535 consentiunt,
883 1491 1020 1528 factum
1047 1504 1122 1529 esse
1146 1492 1299 1535 videtur,
1336 1494 1378 1527 ut
1403 1490 1583 1526 inferioris

139 1552 312 1597 temporis
337 1553 541 1599 scriptores,
569 1553 630 1599 qui
657 1553 801 1588 illorum
833 1554 876 1589 de
917 1554 972 1589 his
1014 1554 1121 1589 rebus
1154 1554 1399 1589 narrationem
1436 1552 1582 1599 potissi·

140 1624 238 1647 mum
264 1614 377 1649 secuti
402 1616 498 1657 sunt,
525 1613 605 1650 illos
634 1626 778 1661 quoquo
804 1614 909 1649 modo
921 1616 1225 1662 perstringerent,
1254 1617 1380 1650 contra
1406 1613 1580 1660 pernicio·

140 1684 197 1709 sas
224 1674 451 1720 optimatium
490 1676 781 1718 machinationes,
808 1687 901 1726 quae
927 1688 947 1711 a
975 1676 1205 1722 Theopompo
1233 1687 1380 1721 prorsus
1408 1675 1575 1730 dissimu-

141 1735 239 1771 latae
268 1738 380 1779 erant,
420 1737 563 1773 silentio
606 1738 678 1773 fere
708 1737 966 1784 praeterirent,
1006 1749 1225 1785 quamquam
1260 1737 1314 1773 his
1354 1736 1582 1783 potissimum

140 1796 263 1832 tristes
289 1797 433 1833 illorum
455 1811 637 1834 annorum
676 1811 778 1836 casus
812 1800 996 1835 tribuendi
1030 1811 1105 1835 esse
1143 1800 1311 1835 videntur
1351 1799 1412 1845 (de
1447 1811 1519 1845 quo
1547 1802 1581 1834 ct

143 1857 222 1903 ipso
249 1858 425 1904 imprimis
452 1860 622 1896 Herbstio
649 1861 841 1904 adsentior,
870 1861 1044 1898 dissentio
1071 1874 1091 1897 a
1119 1861 1274 1906 Grotio).

243 1918 361 1954 Unum
396 1923 510 1957 restat
533 1924 575 1957 ut
600 1922 779 1968 quibus
805 1923 1110 1960 auctoribus
1149 1924 1367 1970 singulae
1409 1934 1580 1958 eorum

141 1978 199 2014 de
240 1980 414 2025 quibus
465 1982 655 2028 egimus
700 1983 1005 2029 scriptorum
1055 1987 1222 2030 partes
1275 1982 1581 2020 tribuendae

142 2040 193 2076 vi
209 2040 407 2080 deantu
422 2054 441 2078 ι·
465 2055 537 2079 uno
564 2032 756 2090 conspectu
782 2045 969 2093 colligam3
994 2048 1080 2083 sunt
1104 2046 1216 2094 igitur
1241 2046 1299 2082 hi:

195 2134 198 2137 ,
241 2102 347 2140 Diod.
373 2103 472 2150 xm,
515 2116 545 2141 c.
572 2105 632 2148 34,
662 2104 771 2143 1-3,
823 2107 882 2149 36,
913 2107 1020 2144 1—4.
1070 2108 1131 2154 41,
1159 2109 1180 2145 3
1211 2108 1387 2153 Ephorus.

519 2176 549 2201 c.
577 2166 637 2209 36,
666 2167 801 2210 5—41‚
830 2168 866 2205 2.
892 2167 952 2212 41,
982 2168 1007 2205 4
1024 2169 1119 2217 42,
1140 2161 1172 2206 Υ4
1197 2168 1457 2216 Theopompus.

521 2238 552 2265 e.
578 2228 752 2266 45-107
781 2229 1034 2276 Theopompus
1060 2230 1231 2278 (exceptis
1258 2231 1308 2267 eis
1334 2243 1427 2278 quae
1454 2231 1501 2266 ad
1525 2241 1582 2266 res

596 2288 734 2325 Siculas
758 2292 948 2336 spectant),

379 2347 474 2391 XIV,
519 2361 548 2387 c.
583 2350 619 2385 11
652 2350 699 2388 in.
728 2351 990 2398 Theopompus,
1018 2353 1101 2389 inde
1128 2354 1304 2399 Ephorus.

227 2441 251 2481 ¹)
274 2439 395 2474 Simile
416 2441 522 2474 etiam
547 2443 778 2477 Viseheri
802 2445 970 2479 iudicium
994 2448 1057 2486 est,
1081 2447 1123 2480 ef.
1150 2447 1224 2486 ‚‚W.
1239 2447 1393 2488 Vischer,
1419 2447 1570 2481 Alcibia-

139 2493 198 2528 des
222 2494 293 2527 und
319 2494 532 2539 Lysandros‘·
561 2498 713 2532 Basileae
740 2500 833 2533 1845.
