1755 2892
862 201 913 238 52

155 344 248 379 quae
273 332 514 367 adnectuntur
541 328 616 375 (καὶ
647 335 731 372 τοῖς
759 326 1040 377 προπέμπουσι
1067 329 1169 372 κτλ)
1203 341 1274 364 non
1296 329 1414 365 minus
1435 332 1602 366 accurate

156 395 361 440 congruunt
388 404 468 428 eum
496 391 717 437 Theopompi
751 390 961 426 narratione
1001 402 1093 436 quae
1131 392 1231 425 extat
1262 391 1359 436 apud
1398 391 1595 429 Diodorum

157 459 194 493 et
221 454 441 492 Cornelium:
482 457 605 489 tamen
643 452 755 499 ipsius
782 464 924 499 pugnae
952 452 1144 498 descriptio
1182 453 1229 488 ad
1254 453 1404 489 eundem
1431 466 1536 500 quem
1562 455 1600 490 in

157 531 192 557 v.
221 519 304 564 Lys.
333 519 475 552 secutus
502 519 557 551 est
586 519 769 550 auctorem
794 514 980 550 referenda
1006 517 1060 549 est
1088 514 1205 562 (velut
1219 515 1316 560 quod
1341 517 1495 562 utroque
1523 516 1601 552 loco

158 581 232 617 tria
258 578 359 615 milia
385 578 612 624 captivorum
639 589 661 612 a
685 576 874 622 Lysandro
901 578 1030 612 necata
1056 588 1131 611 esse
1158 576 1336 621 dicuntur,
1353 576 1415 623 qui
1435 590 1604 614 numerus

159 653 231 677 non
257 640 441 676 invenitur
482 639 579 684 apud
621 638 903 683 Xenophontem,
932 638 975 683 cf.
1008 637 1094 683 Lys.
1129 649 1157 672 c.
1190 639 1262 682 13).
1314 638 1468 674 Videtur
1493 639 1605 686 igitur

162 701 380 738 Plutarchus
406 701 449 735 in
475 700 530 735 his
557 710 706 745 prorsus
733 699 857 734 codem
882 698 988 733 modo
1024 710 1099 733 rem
1135 697 1334 740 instituisse
1361 701 1468 746 atque
1496 712 1606 747 supra

162 766 199 800 in
227 765 277 799 eis
304 775 396 809 quae
422 762 459 796 in
487 764 642 807 utraque
656 760 732 797 vita
758 761 802 796 de
815 760 1004 795 Alcibiade
1030 760 1077 795 ab
1099 760 1250 806 imperio
1273 763 1411 797 remoto
1431 754 1605 800 tradidit}

163 827 334 872 pleraque
360 808 454 859 enim
478 823 515 857 in
542 825 698 868 utraque
724 822 802 857 vita
829 821 1018 857 scribenda
1045 834 1086 857 ex
1116 822 1239 858 eodem
1267 825 1414 859 auctore
1441 824 1605 870 sumpsit,

164 901 271 935 quem
297 887 542 932 Ephorum
580 884 690 920 fuisse
716 886 994 920 consentaneum
1019 886 1083 928 est,
1123 884 1161 919 in
1200 885 1315 921 altera
1342 887 1464 921 tamen
1491 885 1606 934 (Alei-

163 950 297 993 biadis)
338 948 513 983 nonnulla
552 959 593 981 ex
629 947 743 981 altero
776 946 934 991 quodam
978 948 1124 981 auctore
1165 946 1210 992 (T
1227 946 1341 992 heop
1356 959 1376 982 o
1391 959 1427 981 m
1442 959 1465 993 p
1480 948 1516 992 o)
1557 947 1610 983 ita

165 1010 317 1054 addidit,
345 1013 387 1045 ut
414 1020 456 1044 ca
497 1008 552 1043 ad
584 1007 867 1043 arbitrium
901 1019 1034 1043 suum
1074 1019 1241 1043 rerum
1275 1008 1441 1044 ordini
1479 1021 1611 1045 acco-

166 1073 399 1108 modaret
438 1073 487 1106 et
529 1071 842 1107 conecteret.

271 1256 348 1290 Iam
387 1257 429 1290 ut
455 1254 701 1300 quaestionem
731 1254 777 1290 de
802 1253 990 1289 Alcibiade
1031 1254 1119 1300 quid
1145 1254 1338 1289 tradiderit
1364 1255 1614 1299 Theopompus

169 1330 283 1364 usque
311 1317 357 1352 ad
383 1317 489 1351 finem
515 1316 764 1362 perducamus,
792 1317 907 1351 restat
933 1317 974 1350 ut
1002 1315 1161 1352 diversas
1188 1316 1231 1351 de
1258 1316 1332 1351 eius
1358 1318 1474 1352 morte
1500 1315 1615 1351 famas

169 1381 447 1425 perscrutemur.
502 1378 592 1413 Dio
607 1378 629 1412 d
644 1389 694 1412 or
709 1390 762 1412 us
791 1377 903 1424 igitur
931 1377 1027 1421 XIV,
1057 1379 1096 1414 ll
1142 1378 1285 1414 ineunte
1311 1378 1505 1413 secundum
1531 1366 1616 1412 eunss

171 1441 252 1476 dem
279 1442 464 1475 auctorem
491 1451 597 1486 quem
623 1450 736 1486 usque
761 1439 807 1474 ad
830 1439 925 1475 hunc
947 1439 1066 1475 locum
1082 1441 1225 1476 secutus
1247 1441 1311 1484 est,
1341 1439 1611 1486 Theopompum

171 1504 270 1546 dico,
323 1503 446 1548 prodit
497 1502 773 1537 Pharnabazum
824 1502 1049 1537 Alcibiadem
1099 1502 1319 1537 interfecisse
1371 1500 1638 1549 χαρίσασθαι,

172 1560 408 1611 βουλόμενον
452 1561 790 1610 Λακεδαιμονίοις,
831 1565 911 1598 tum
956 1563 1167 1609 ampliorem
1207 1563 1309 1599 addit
1359 1563 1616 1607 narrationem,

173 1638 283 1673 quam
308 1638 349 1661 ex
379 1625 408 1675 Ε
423 1637 446 1671 p
461 1625 547 1660 hor
562 1637 582 1661 o
609 1637 646 1660 se
672 1626 864 1671 sumpsisse
890 1626 966 1671 ipse
993 1628 1163 1664 testatur,
1217 1627 1250 1660 A
1276 1625 1507 1671 Theopompo
1528 1625 1615 1661 haee

172 1687 336 1723 narratio
365 1699 405 1723 eo
432 1687 587 1723 maxime
611 1687 741 1731 differt,
769 1688 866 1734 quod
885 1688 1141 1724 Pharnabazus
1164 1700 1236 1724 non
1256 1687 1620 1724 Lacedaemoniorum

174 1750 275 1785 iussu
319 1750 383 1784 sed
431 1761 497 1784 sua
536 1751 665 1794 sponte
700 1749 882 1785 Alcibiadi
921 1749 1073 1785 insidias
1113 1761 1262 1795 parasse
1307 1749 1488 1793 traditur,
1532 1748 1621 1795 quia

175 1811 331 1847 noluerit
358 1809 461 1847 illum
487 1811 619 1847 infesta
646 1811 729 1857 Cyri
757 1811 905 1847 consilia
932 1811 979 1846 ad
1003 1823 1125 1859 regem
1151 1811 1300 1850 deferre.

279 1873 500 1918 Theopompi
536 1873 699 1909 narratio
734 1874 873 1919 plenior
918 1875 1067 1910 servata
1106 1875 1162 1909 est
1201 1873 1298 1919 apud
1333 1872 1622 1920 Cornelium

179 1935 278 1972 Alc.
309 1936 345 1972 9.
376 1935 422 1970 10
453 1937 489 1969 et
528 1937 718 1980 praeterea
753 1935 850 1980 apud
889 1929 1126 1970 Plutarchum
1164 1935 1241 1973 Alc.
1284 1935 1448 1973 37⁶-39,
1501 1935 1623 1981 Atque

180 1995 364 2031 Cornelius
392 1995 537 2042 quidem
573 2008 603 2034 c.
631 1996 653 2032 9
689 1996 800 2032 refert
840 1996 1103 2046 Alcibiadem,{
1121 2009 1200 2032 eum
1237 1997 1275 2031 in
1306 1996 1461 2032 Thracia
1487 2009 1524 2032 se
1551 2006 1622 2033 non

180 2058 270 2093 satis
299 2060 420 2093 tutum
448 2069 523 2093 esse
550 2058 802 2105 arbitraretur,
830 2070 939 2104 supra
960 2058 1220 2104 Propontidem
1247 2070 1284 2093 se
1312 2058 1515 2101 contulisse,
1540 2058 1623 2093 inde

183 2119 234 2156 eis
269 2131 362 2166 quae
389 2121 619 2165 apportasset
656 2131 677 2154 a
712 2120 880 2166 Bithynis
920 2121 1104 2166 privatum
1145 2121 1191 2156 ad
1227 2120 1502 2156 Pharnabazum
1524 2108 1624 2167 'pro-

180 2181 316 2217 fectum
354 2192 438 2216 mox
476 2181 514 2215 in
553 2181 628 2216 eius
671 2183 828 2228 gratiam
872 2183 1020 2219 venisse.
1091 2183 1180 2218 Cum
1222 2184 1343 2217 autem
1377 2183 1423 2217 ad
1465 2181 1623 2228 patriam

181 2242 408 2279 liberandam
434 2243 532 2279 omui
558 2243 714 2280 ferretur
741 2245 969 2292 cogitatione,
997 2258 1078 2282 eum
1105 2245 1241 2292 apertis
1268 2244 1320 2280 eis
1349 2256 1441 2291 quae
1468 2245 1510 2281 de
1543 2244 1626 2291 Cyri

184 2304 341 2341 consiliis
381 2305 614 2351 comperisset
649 2318 820 2354 magnam
840 2341 842 2343 ,
863 2319 900 2343 se
943 2309 1040 2353 apud
1084 2321 1206 2356 regem
1238 2309 1431 2343 Persarum
1466 2306 1623 2353 gratiam

183 2367 359 2403 initurum
386 2379 561 2413 sperasse.
614 2367 684 2404 Sed
711 2381 790 2405 cum
831 2366 877 2406 de
910 2370 977 2406 hac
1016 2383 1054 2407 re
1094 2383 1174 2407 eum
1215 2371 1451 2407 Pharnabazo
1478 2368 1626 2405 consilia

185 2429 494 2474 communicasset,
532 2431 688 2478 triginta
732 2434 907 2478 tyrannos
953 2432 1198 2479 Lysandrum‘
1224 2433 1415 2480 instigasse
1450 2434 1492 2467 ut
1525 2432 1629 2467 illum

185 2494 470 2537 persequeretur,
499 2504 571 2539 quo
597 2493 694 2530 facto
722 2493 823 2529 illum
849 2495 877 2530 P
892 2495 915 2530 h
929 2506 951 2531 a
963 2507 1019 2531 ru
1033 2507 1055 2531 a
1065 2496 1089 2531 b
1104 2508 1151 2532 az
1164 2511 1183 2531 υ
1225 2509 1248 2542 q
1264 2508 1286 2530 u
1300 2507 1322 2531 a
1336 2507 1354 2531 e
1381 2507 1400 2530 r
1415 2507 1434 2531 e
1445 2507 1469 2543 g
1483 2495 1495 2531 i
1522 2506 1541 2530 c
1556 2507 1580 2530 u
1590 2507 1626 2531 m
