1755 2892
842 166 893 205 26

131 290 300 329 distincte
326 294 363 329 et
389 293 544 330 dilucide
572 296 725 331 narrata
749 295 835 345 sint,
873 296 940 332 hoc
966 307 1079 332 unum
1102 278 1233 333 mir'um
1260 297 1325 341 est,
1347 295 1464 343 -quod
1488 294 1583 338 Min-
1629 327 1633 330 .

135 353 256 399 darus,
294 355 380 392 dum
403 358 545 405 pugnat
570 369 651 394 cum
677 357 877 407 Alcibiade,
916 371 988 395 non
1028 358 1326 396 animadvertisse
1360 358 1522 396 traditur
1547 369 1585 395 se

138 426 160 450 a
186 416 313 452 ceteris
338 412 616 455 Atheniensium
640 419 794 456 navibus
820 420 1088 465 circumveniri3
1135 420 1198 456 sed
1239 420 1317 456 fieri
1342 431 1428 457 sane
1451 418 1584 467 potnit,

135 478 177 512 ut
204 477 282 515 eius
307 479 360 515 rei
387 479 511 527 aliqua
536 491 646 517 causa
672 481 719 517 ab
746 484 892 518 auctore
928 482 1080 519 Diodori
1112 482 1239 518 addita
1272 482 1319 518 ab
1355 482 1418 518 illo
1442 481 1585 518 omitte·

135 539 248 576 retur.
303 539 468 576 Ceterum
485 541 649 577 narratio
675 542 765 579 satis
792 542 954 588 speciosa
980 544 1035 578 est
1051 545 1098 590 et,
1126 534 1208 579 cum
1221 542 1418 590 legentium
1444 542 1583 578 animos

136 610 361 646 summopere
385 603 519 649 teneat,
546 602 619 639 illis
640 603 685 638 de
704 603 835 649 quibus
852 615 964 649 supra
990 604 1126 651 egimus
1146 601 1350 651 pugnarum
1375 602 1584 652 descriptio·
1615 617 1619 620 ’

134 660 242 696 nibus
267 662 378 698 etiam
407 665 584 708 praestat,
636 664 680 699 Id
705 664 882 709 imprimis
909 665 1017 700 huius
1046 665 1204 701 auctoris
1228 665 1417 711 proprium
1441 664 1586 700 videtur

134 719 257 769 fuisse,
298 724 343 758 ut
367 723 594 772 singulorum
619 724 781 762 virorum
807 725 850 761 de
878 725 1008 773 quibus
1038 728 1162 775 ageret
1186 726 1331 775 ingenia
1351 727 1388 763 et
1412 727 1583 763 naturam

133 783 228 819 inter
253 795 291 820 se
318 785 442 821 sedulo
469 786 708 833 distingueret
746 788 783 823 et
809 787 906 833 quod
932 788 1087 824 maxime
1113 789 1160 824 ad
1190 789 1377 835 propriam
1414 771 1585 835 cuiusque

134 844 245 880 animi
270 845 427 882 indolem
457 847 674 892 conveniret,
701 847 740 883 id
768 847 800 883 ei
825 847 1003 886 tribueret
1029 850 1228 898 agendum;
1269 849 1372 887 velut
1410 849 1478 886 hoc
1503 849 1582 887 loeo

133 907 361 944 Alcibiadem
384 909 474 945 facit
500 910 654 946 audacia
688 913 723 945 et
762 911 843 946 dolo
881 923 1040 958 pugnam
1066 912 1249 947 ineuntem
1264 938 1273 955 ,
1314 912 1583 957 Thrasybulum

132 969 337 1005 constantia
355 981 397 1006 ac
421 970 636 1007 fortitudine
663 983 843 1007 summum
863 971 1025 1008 laborem
1051 972 1299 1021 sustinentem,
1325 972 1583 1008 Theramenem

133 1029 283 1066 fortuna
308 1033 345 1067 et
363 1032 517 1068 secundo
541 1044 606 1069 suo
623 1034 781 1069 adventu
806 1033 984 1079 proelium
1003 1033 1110 1070 facile
1131 1035 1398 1077 decernentem3
1425 1033 1583 1080 itemque

133 1090 172 1126 in
207 1094 324 1129 morte
359 1091 519 1131 Mindari
560 1094 794 1131 describenda
839 1106 948 1142 quam
990 1095 1144 1131 maxime
1191 1095 1315 1141 potuit
1353 1094 1582 1141 conspicuam

133 1153 292 1190 reddidit
331 1154 540 1201 Spartiatae
576 1156 839 1195 fortitudinem.
900 1156 943 1191 In
977 1156 1108 1202 quibus
1145 1155 1367 1202 Theopompi
1400 1155 1583 1202 ingenium

134 1216 420 1262 cognoscendum
449 1228 523 1254 esse
550 1217 646 1253 infra
671 1216 863 1253 dilucidius
891 1214 1131 1265 intellegetur.

234 1277 406 1323 Sequitur
432 1291 461 1318 c.
490 1280 551 1317 52.
577 1280 625 1316 53
651 1280 815 1315 narratio
843 1280 887 1315 de
911 1279 1019 1315 Endii
1041 1279 1242 1328 legatione,
1275 1278 1313 1313 in
1354 1289 1426 1324 qua
1467 1277 1581 1313 Theo-

134 1338 259 1385 pompi
283 1350 383 1375 mens
420 1340 555 1387 populo
589 1340 865 1376 Atheniensium
900 1339 1046 1375 inimica
1082 1339 1371 1376 manifestissime
1410 1338 1587 1375 cernitur:

132 1399 299 1445 Apparet
325 1401 418 1436 enim
448 1413 531 1437 cum
557 1402 780 1447 Theopompi
818 1402 998 1438 sententia
1036 1401 1090 1436 ita
1114 1413 1191 1436 rem
1216 1402 1351 1447 optime
1377 1401 1579 1448 convenire,

132 1461 162 1496 si
190 1462 354 1498 traderet
380 1462 630 1511 Athenienses,
659 1464 854 1510 postquam
879 1461 1075 1509 praeclaris
1095 1459 1166 1497 illis
1194 1460 1394 1498 Alcibiadis
1420 1461 1581 1498 victoriis

133 1535 175 1560 ex
195 1531 340 1560 'summo
373 1525 533 1571 periculo
566 1525 713 1561 liberati
752 1527 880 1569 essent,
920 1536 1006 1561 suae
1042 1523 1152 1560 saluti
1183 1524 1319 1570 optime
1356 1524 1581 1561 consulturos
1612 1527 1614 1530 ’

131 1585 252 1629 fuisse,
291 1586 321 1621 si
361 1597 442 1621 cum
483 1586 776 1623 Lacedaemoniis
809 1597 935 1632 pacem
974 1585 1156 1628 fecissent3
1197 1584 1294 1631 quod
1324 1584 1364 1630 jsi
1402 1582 1580 1629 fecissent,

129 1646 295 1688 futurum
320 1658 393 1683 non
417 1647 528 1683 fuisse
556 1649 599 1683 ut
634 1659 848 1694 prosperum
874 1647 1004 1683 harum
1028 1646 1265 1683 victoriarum
1292 1647 1460 1683 eventum
1498 1657 1580 1693 per-

132 1708 259 1743 derent
284 1709 321 1744 et
346 1708 384 1743 in
422 1720 581 1745 summas
609 1709 835 1744 calamitates
871 1709 1059 1745 irruerent.
1124 1707 1223 1751 Quae
1250 1708 1429 1743 sententia
1454 1719 1582 1744 revera

131 1780 173 1804 ex
212 1769 365 1805 Diodori
403 1770 613 1806 narratione
656 1769 822 1817 cognosci
853 1753 1000 1816 {oi-‚esu
1040 1768 1146 1805 Endii
1183 1768 1277 1806 enim
1321 1768 1437 1806 oratio
1464 1768 1581 1817 (cuius

130 1832 308 1868 adstricta
333 1833 513 1869 brevitate
540 1835 667 1869 auctor
692 1833 911 1868 Laconicum
937 1832 1028 1867 illud
1053 1832 1148 1878 quod
1173 1831 1289 1868 fertur
1303 1831 1444 1867 dicendi
1469 1843 1580 1878 genus

130 1893 296 1929 imitatus
319 1905 397 1931 esse
421 1894 580 1941 videtur)
621 1906 705 1931 cum
730 1894 798 1930 hac
837 1890 1018 1930 sententia
1043 1894 1126 1940 apte
1151 1892 1321 1940 quadrat.
1375 1892 1454 1937 Qua
1480 1904 1583 1930 suam

129 1952 242 2000 ipsius
266 1955 474 2001 opinionem
488 1968 525 1992 se
548 1956 753 2002 exposuisse
775 1957 901 1991 auctor
917 1955 967 1991 eis
986 1966 1078 2001 quae
1095 1955 1138 1991 de
1155 1956 1286 1991 eventu
1311 1954 1387 1991 eius
1410 1954 1584 1991 orationis

130 2016 233 2052 addit
272 2017 466 2069 patefecit;
506 2029 591 2052 nam
626 2029 657 2055 c.
698 2017 745 2053 53
787 2018 826 2052 οἱ
860 2014 926 2065 μὲν
955 2013 1245 2070 ἐπιεικέστατοι
1272 2019 1352 2052 τῶν
1376 2013 1583 2058 Ἀθηναίων

129 2078 326 2114 traduntur
365 2080 462 2125 quod
499 2079 560 2115 ille
586 2078 758 2115 suasisset
785 2077 946 2124 accipere
969 2077 1136 2120 voluisse,
1164 2077 1204 2114 οἱ
1230 2075 1273 2112 δὲ
1303 2077 1579 2126 πολεμοποιεῖν

130 2137 311 2182 εἰωθότες
338 2140 399 2175 καὶ
428 2137 503 2183 τοὶς
537 2138 729 2189 δημοσίας
752 2135 934 2187 ταραχάς
960 2136 1064 2181 ἰδίας
1098 2135 1327 2187 ποιούμενοι
1353 2134 1580 2186 προσόδους

128 2197 301 2250 ᾑροῦντο
328 2198 401 2238 τὸν
427 2199 612 2250 πόλεμον.
665 2200 708 2236 In
743 2201 873 2248 quibus
899 2200 1009 2236 etiam
1043 2199 1227 2246 Cleophon
1254 2199 1475 2248 demagogus
1500 2199 1581 2244 fuit,

127 2262 189 2309 qui
224 2261 367 2299 civibus
393 2266 583 2311 tamquam
620 2265 703 2299 ante
744 2263 865 2299 oculos
890 2261 1092 2308 proposuit,
1132 2263 1310 2308 quantum
1335 2263 1422 2298 tunc
1454 2261 1582 2308 opibus

126 2324 291 2360 valerent
326 2325 458 2372 (‚quasi
495 2336 580 2361 vero
621 2325 769 2361 fortuna
807 2336 880 2360 non
915 2321 1031 2370 possit
1067 2324 1214 2368 repente
1246 2322 1413 2359 inclinari
1423 2322 1447 2362 l‘
1480 2321 1584 2359 addit

128 2385 486 2436 Theopompus);
527 2398 549 2423 a
589 2398 662 2433 quo
690 2385 859 2422 commoti
887 2387 923 2421 et
948 2397 1089 2421 summa
1114 2396 1176 2431 spe
1202 2385 1260 2422 vel
1285 2385 1509 2431 principatus
1543 2384 1581 2420 in

128 2446 282 2485 Graecia
318 2447 554 2494 recuperandi
589 2447 770 2484 occaecati
807 2447 861 2482 illi
892 2458 985 2494 quae
1023 2458 1046 2484 a
1083 2446 1213 2495 legatis
1252 2446 1442 2497 proposita
1479 2448 1584 2484 orant
