1755 2892
871 145 980 194 32<

173 271 264 308 nihil
297 273 411 321 igitur
445 275 506 311 ille
546 274 663 311 tradit
695 274 739 310 de
781 275 881 311 metu
915 274 1007 323 eius,
1044 286 1150 322 quem
1190 286 1232 311 ex
1269 275 1442 315 vitiorum
1474 286 1622 329 suorum

173 335 391 372 conscientia
430 336 612 374 derivasse
646 336 920 382 Xenophontem
956 338 1119 383 apparet.
1173 336 1263 373 Tum
1299 337 1512 389 Xenophon¹
1528 349 1620 387 eum,

172 406 254 433 cum
279 397 316 433 in
344 398 509 435 contione
534 398 578 434 de
605 398 713 434 rebus
750 409 772 433 a
798 409 836 434 se
862 398 973 446 gestis
1006 409 1046 434 se
1078 397 1293 442 defenderet,
1329 398 1473 437 finxisse
1504 398 1621 440 tradit
1643 413 1657 439 ,·
1681 400 1685 402 ’

170 468 208 493 se
234 459 281 493 ab
298 458 462 496 'inimicis
494 471 563 506 per
601 459 724 495 dolum
765 470 807 495 ac
842 456 1008 495 fraudem
1041 471 1084 495 ex
1121 459 1211 495 urbe
1240 459 1393 496 eiectum
1432 471 1544 507 eaque
1581 471 1620 513 re

172 521 336 557 coactum
363 533 439 559 esse
465 523 640 568 perpetuo
671 532 752 557 cum
777 521 937 568 periculo
966 521 1131 558 hostibus
1157 521 1311 566 servire;
1342 533 1460 570 neque
1496 523 1621 569 quem-

171 593 281 628 quam
319 594 448 619 ausum
490 595 565 619 esse
608 583 684 619 eius
718 583 838 620 verbis
869 583 1035 630 obloqui,
1074 583 1160 630 quia
1185 583 1316 631 vulgus
1357 595 1430 621 non
1465 583 1618 621 sivisset.

169 643 323 680 Prorsus
349 645 456 681 aliter
495 645 679 681 Cornelius
720 645 870 681 eandem
895 657 971 681 rem
1009 645 1221 691 descripsit;
1262 646 1363 682 cuius
1400 645 1620 682 narrationis

168 704 256 742 haec
282 717 424 742 summa
451 708 516 750 est,
543 705 614 752 ipsi
639 706 773 753 populo
798 706 1073 743 Atheniensium
1111 700 1322 752 persuasum
1360 706 1470 743 fuisse
1496 717 1619 743 omnes
1670 722 1680 730 ³

167 779 358 813 prosperos
385 770 534 804 eventus
561 770 597 803 et
621 768 795 813 pristinos
822 770 858 803 et
871 780 983 804 novos
1010 768 1064 802 illi
1089 768 1221 811 deberi,
1243 780 1365 804 omnes
1381 768 1617 812 calamitates,

168 828 339 864 amissam
379 828 557 872 Siciliam,
600 828 769 865 victorias
810 840 832 864 a
869 828 1161 865 Lacedaemoniis
1199 830 1416 878 reportatas,
1455 829 1617 876 ipsorum

169 890 277 936 culpa
302 890 493 934 accidisse,
534 890 597 937 qui
631 902 714 926 eum
748 890 984 936 expulissent:
1020 889 1145 936 itaque
1171 901 1252 926 cum
1277 891 1476 937 Xenophon
1501 892 1617 928 solum
1672 913 1676 916 ι

167 953 317 997 propter
342 962 488 987 caecum
515 951 630 997 plebis
653 948 814 987 furorem
839 950 1015 986 neminem
1035 951 1234 988 Alcibiadis
1254 952 1450 989 defensioni
1469 952 1616 1000 obloqui

168 1024 298 1049 ausum
323 1025 399 1050 esse
425 1013 550 1049 tradat
590 1011 701 1062 (unde
728 1014 880 1058 apparet
908 1024 988 1048 eum
1025 1013 1062 1048 id
1087 1013 1207 1059 ipsum
1235 1013 1388 1050 voluisse
1414 1014 1615 1061 significare

165 1072 300 1110 iustam
327 1086 473 1110 causam
499 1076 622 1110 tamen
648 1074 773 1109 datam
796 1074 906 1109 fuisse
929 1074 1171 1119 obloquendi),
1195 1075 1379 1111 Cornelius
1404 1087 1492 1111 non
1517 1076 1615 1113 sine

168 1146 305 1172 causa
331 1146 413 1172 eos
441 1135 488 1171 id
512 1135 784 1171 arbitratos
809 1146 916 1171 esse
941 1134 1159 1180 profitetur;
1186 1147 1271 1172 nam
1296 1137 1491 1183 postquam
1516 1148 1613 1173 exer-

165 1197 254 1234 citui
279 1208 447 1248 praeesse
472 1197 662 1244 coepisset,
700 1209 816 1243 neque
844 1199 944 1233 terra
976 1208 1091 1243 neque
1131 1198 1224 1233 mari
1255 1198 1375 1235 hostes
1408 1210 1514 1245 pares
1539 1210 1614 1235 esse

164 1259 336 1305 potuisse.
390 1259 632 1303 Quamobrem
658 1259 705 1294 ad
733 1271 813 1295 eum
839 1259 955 1295 solum
981 1254 1142 1295 homines
1167 1271 1204 1295 se
1228 1260 1458 1308 convertisse,
1485 1271 1611 1307 quam-

165 1333 275 1367 quam
301 1322 412 1357 etiam
438 1322 676 1357 Theramenes
702 1322 738 1356 et
763 1320 1014 1369 Thrasybulus
1048 1320 1126 1365 (qui
1154 1322 1246 1356 teste
1272 1321 1513 1368 Theopompo,
1540 1333 1612 1358 non

165 1385 258 1418 teste
282 1382 520 1429 Xenophonte
551 1394 632 1418 cum
671 1393 712 1418 eo
739 1382 846 1417 duces
879 1381 1114 1427 facti'erant)
1155 1381 1336 1419 venissent
1360 1382 1398 1418 in
1426 1380 1608 1422 Piraeum.

164 1445 206 1480 In
233 1445 363 1492 quibus
392 1445 591 1492 Xenophon
617 1445 727 1481 etiam
753 1456 794 1480 eo
822 1444 938 1480 distat
963 1454 986 1479 a
1012 1442 1187 1491 Cornelio,
1224 1445 1321 1491 quod
1346 1445 1611 1490 Thrasybulum

164 1510 242 1543 tum
271 1507 381 1543 Thasi
408 1507 518 1543 fuisse
545 1506 590 1556 (Ι,
617 1508 650 1550 4,
680 1506 718 1550 9)
743 1507 784 1541 et*
805 1509 931 1551 postea
956 1505 1003 1540 ab
1025 1505 1256 1551 Hellesponto
1282 1506 1485 1543 Phocaeam
1511 1507 1617 1543 Alci-

163 1569 262 1604 biadi
291 1569 424 1604 auxilio
450 1568 589 1604 venisse
616 1568 659 1614 (Ι,
689 1568 722 1610 5,
742 1568 802 1612 11)
829 1567 955 1603 tradit.
1010 1566 1148 1602 Deinde
1160 1566 1343 1603 Cornelius
1361 1568 1502 1613 plebem
1530 1579 1611 1604 eum
1647 1598 1660 1606 2

163 1632 392 1677 prosecutam
419 1641 495 1666 esse
532 1631 569 1665 et
606 1627 746 1665 coronis
784 1628 917 1664 laureis
956 1627 1156 1674 taeniisque
1190 1628 1356 1675 donasse,
1376 1633 1501 1666 auctor
1532 1631 1611 1674 est;

164 1693 261 1739 quod
286 1694 409 1727 autem
447 1691 550 1727 addit
588 1690 814 1726 Alcibiadem
847 1688 1097 1725 lacrimantem
1122 1691 1265 1726 tantam
1308 1690 1439 1727 civium
1463 1703 1611 1728 suorum

161 1753 448 1791 benevolentiam
475 1752 654 1798 accepisse
684 1763 875 1787 memorem
904 1750 1048 1796 pristini
1078 1751 1251 1797 temporis
1290 1753 1500 1789 acerbitatis
1523 1765 1611 1801 „qua

160 1817 289 1851 contra
301 1814 460 1860 patriam
480 1825 643 1860 pugnare
657 1815 803 1849 coactus
821 1814 924 1860 esset,
946 1812 1131 1857 aptissime
1150 1813 1308 1859 quadrat
1330 1814 1368 1849 111
1389 1813 1610 1860 Theopompi

161 1876 389 1914 seutentiam.
442 1874 580 1910 Deinde
604 1875 702 1921 quod
735 1875 773 1911 in
807 1874 972 1910 contione
1006 1885 1087 1908 eum
1123 1874 1174 1909 sic
1213 1875 1324 1911 verba
1362 1874 1486 1912 fecisse
1520 1875 1611 1919 vult,

162 1941 228 1985 „ut
258 1950 362 1974 nemo
389 1939 467 1973 tam
492 1936 590 1973 ferus
619 1937 741 1985 fuerit,
770 1936 858 1983 quin
883 1936 959 1972 eius
985 1947 1071 1971 casu
1104 1935 1333 1973 illacrimarit
1356 1937 1610 1984 inimicumque

161 2000 205 2036 iis
244 2012 281 2036 se
320 1998 529 2043 ostenderit,
571 2009 729 2045 quorum
756 2010 867 2044 opera
901 1998 1024 2044 patria
1058 1997 1184 2044 pulsus
1222 1997 1352 2043 fuerat,
1390 2011 1415 2045 p
1428 2011 1447 2034 r
1461 1999 1576 2035 oiud
1589 2010 1630 2035 e-

162 2073 216 2097 ac
243 2062 282 2098 si
308 2059 446 2097 alius
476 2060 728 2106 populus,
766 2072 862 2096 non
887 2060 982 2096 ille
1016 2057 1136 2107 ipse,
1173 2059 1260 2105 qui
1299 2062 1395 2097 tum
1420 2060 1606 2109 flebat,

161 2135 212 2159 eu
226 2136 262 2158 m
288 2135 339 2159 sa
354 2134 372 2158 c
387 2122 427 2158 ri
441 2122 454 2157 1
468 2122 566 2169 egii
593 2121 694 2157 dam
709 2133 791 2158 nas
809 2133 826 2158 s
840 2120 924 2165 et‚“
950 2123 1103 2167 apparet
1118 2121 1210 2165 illos,
1239 2134 1442 2168 quorum
1470 2133 1608 2168 opera

159 2197 183 2231 p
201 2185 347 2220 atria
371 2185 558 2230 pulsus
585 2183 795 2226 fuisset,
832 2183 930 2229 ipsos
962 2194 1038 2219 esse
1076 2183 1293 2230 demagogos
1320 2183 1402 2220 illos
1432 2196 1454 2220 a
1479 2185 1610 2232 quibus

161 2246 300 2292 decepti
326 2247 420 2283 cives
446 2258 527 2282 eum
553 2245 592 2281 in
631 2244 777 2281 exilium
803 2244 942 2281 misisse
965 2244 1162 2280 traduntur
1198 2256 1220 2280 a
1257 2245 1498 2293 Theopompo.
1551 2246 1611 2283 Illi

157 2308 271 2355 igitur
296 2312 333 2344 et
357 2309 433 2354 ipse
460 2307 614 2354 populus
641 2305 914 2342 Atheniensium
947 2305 1001 2342 his
1028 2306 1146 2342 verbis
1173 2306 1481 2344 vehementissime
1506 2318 1609 2344 accu-

159 2371 296 2413 santur,
333 2370 539 2406 Alcibiades
567 2370 695 2405 contra
722 2367 818 2403 omni
845 2365 954 2413 culpa
990 2379 1119 2403 vacare
1157 2368 1310 2404 videtur.
1363 2369 1405 2404 In
1440 2370 1490 2405 cis
1517 2381 1608 2416 quae

157 2433 357 2478 sequuntur
390 2431 563 2477 debonis
589 2428 731 2484 publice
770 2430 801 2466 oi
828 2429 1007 2465 restitutis
1046 2432 1085 2466 ct
1118 2429 1161 2465 de
1188 2430 1375 2467 devotione
1400 2431 1475 2467 eius
1503 2431 1609 2467 irrita
