1755 2892
854 179 907 219 20

146 309 307 347 studium
359 320 532 357 suamque
580 308 810 346 voluntatem
856 309 894 345 in
929 320 990 346 eas
1049 320 1140 357 quas
1204 309 1379 347 scriberet
1426 308 1597 347 historias

146 372 391 416 transtulisse,
422 371 522 408 cuius
553 370 792 407 certissimum
830 371 1074 407 testimonium
1109 374 1164 408 est
1209 372 1306 408 solus
1340 367 1399 407 ille
1439 372 1598 408 decimus

147 432 434 480 Philippicorum
463 434 567 481 liber,
608 446 679 480 quo
706 431 796 468 nihil
836 433 911 480 egit
936 432 1006 469 nisi
1039 434 1082 469 ut
1116 433 1212 470 viros
1250 433 1443 479 populares
1482 432 1596 470 Athe-

144 495 322 532 niensium
368 494 641 542 perstringeret.
709 494 738 528 T
752 493 804 529 he
818 505 839 530 o
854 506 1022 541 pompe
1058 494 1172 541 igitur
1197 495 1233 530 et
1265 494 1359 529 hanc
1382 493 1595 529 relationem

146 559 183 593 et
211 557 339 604 ‘omnia
371 557 408 592 in
433 556 564 603 quibus
597 556 723 592 eadem
757 556 801 592 de
838 556 894 593 his
932 557 1038 593 rebus
1066 555 1244 593 sententia
1269 557 1367 592 extet
1400 554 1596 592 tribuenda

146 631 221 655 esse
259 620 478 655 confidenter
519 618 702 654 affirmare
739 618 836 657 licet.
898 618 1006 654 Cuius
1045 618 1089 653 de
1129 629 1257 665 genere
1294 617 1474 654 scribendi
1506 617 1596 654 haec

146 682 226 728 ipsa
250 681 354 718 nobis
382 681 471 718 satis
498 682 707 717 accuratam
732 680 901 727 aperiunt
926 679 1105 717 notitiam.

246 742 412 779 Ceterum
440 742 471 778 si
496 742 579 778 inde
604 742 651 777 ab
677 742 782 778 initio
812 742 909 778 hanc
930 742 1142 778 relationem
1157 740 1388 787 Theopompo
1405 740 1592 786 tribuisse-

145 816 235 848 mus,
276 804 336 841 vix
369 804 531 851 intellegi
575 803 754 849 potuisset
805 803 1040 849 quamobrem
1079 802 1351 848 Theopompus*
1370 802 1407 838 in
1438 802 1593 839 historia

145 866 294 909 Graeca,
323 877 396 912 qua
420 865 642 912 Thucydidis
668 865 916 901 narrationem
950 876 1031 900 eum
1059 863 1287 900 continuasse
1315 865 1468 908 constat,
1505 863 1593 900 haec

146 927 267 963 omnia
293 938 385 973 quae
409 927 482 962 iam
508 938 530 962 a
544 926 754 973 Thucydide
779 927 921 963 tradita
940 928 1045 961 erant
1070 927 1259 971 repeteret.
1313 924 1383 960 Sed
1396 927 1593 972 postquam

145 988 189 1024 de
216 988 291 1023 eius
318 988 466 1023 consilio
491 988 529 1023 in
564 987 620 1023 his
659 988 766 1023 rebus
794 987 990 1023 scribendis
1015 987 1185 1023 certiores
1212 986 1298 1022 facti
1324 998 1459 1034 sumus,
1486 985 1592 1022 facile

144 1061 253 1086 eausa
280 1050 355 1085 eius
382 1050 433 1085 rei
460 1049 677 1095 perspicitur
693 1048 734 1095 ¹).
775 1049 871 1084 Nam
891 1060 971 1084 cum
989 1048 1210 1095 Theopompi
1232 1048 1402 1084 iudicium
1432 1048 1476 1084 de
1495 1038 1593 1084 Aleia

142 1111 249 1146 biade
276 1110 422 1156 expulso
446 1113 482 1146 et
508 1112 677 1146 revocato
705 1121 727 1145 a
753 1109 962 1156 Thucydide
996 1121 1145 1155 prorsus
1173 1109 1389 1153 dissentiret,
1416 1105 1593 1156 siquidem

142 1183 202 1208 eos
241 1172 304 1219 qui
338 1171 468 1207 lecturi
501 1173 619 1207 essent
658 1171 696 1206 in
734 1182 837 1207 suam
876 1170 919 1206 de
952 1170 1007 1206 his
1046 1170 1152 1206 rebus
1187 1170 1403 1219 sententiam
1443 1169 1591 1206 volebat

143 1234 337 1277 adducere,
374 1234 428 1269 ita
466 1233 710 1279 Thucydidem
746 1232 907 1279 excipere
946 1244 1019 1268 non
1049 1233 1218 1278 poterat,
1255 1235 1297 1268 ut
1330 1231 1421 1268 nihil
1459 1231 1503 1269 de
1540 1231 1590 1268 eis

142 1295 188 1329 ad
215 1294 315 1347 illius
338 1294 585 1329 narrationem
623 1294 791 1338 adderet,
831 1294 893 1329 sed
932 1305 1023 1340 opus
1058 1296 1137 1330 erat
1170 1305 1213 1329 ea
1244 1294 1374 1330 saltem
1415 1305 1508 1340 quae
1544 1294 1588 1329 de

140 1357 218 1402 ipso
232 1356 421 1392 Alcibiade
448 1356 508 1392 ille
529 1356 733 1392 tradiderat
748 1358 935 1403 tamquam
956 1355 1134 1403 corrigere
1160 1358 1196 1392 et
1222 1356 1269 1392 ad
1296 1367 1401 1392 suum
1415 1355 1589 1392 iudicium

140 1418 422 1455 accommodare.
489 1418 531 1452 In
565 1429 636 1463 quo
686 1418 772 1463 quia
811 1429 893 1453 eum
931 1417 1049 1462 ipsum
1086 1417 1331 1463 Thucydidem
1382 1415 1588 1454 adhibuisse

139 1490 203 1524 per
237 1491 274 1514 se
313 1479 389 1515 veri
416 1477 640 1514 simillimum
680 1480 749 1522 est,
803 1478 968 1524 equidem
1011 1489 1122 1524 supra
1161 1489 1233 1514 non
1267 1478 1433 1515 dubitavi
1470 1480 1586 1515 totam

139 1533 328 1576 Plutarchi
364 1540 610 1576 narrationem
653 1551 745 1586 quae
787 1542 841 1575 est
879 1552 914 1577 v.
955 1540 1034 1575 Ale.
1071 1551 1100 1577 c.
1149 1538 1194 1577 18
1214 1541 1321 1577 -22
1354 1540 1585 1587 Theopompo

137 1601 313 1645 tribuere3
353 1601 494 1637 etiamsi
536 1603 658 1637 autem
703 1601 938 1637 concedamus
981 1613 1086 1647 posse
1128 1601 1348 1648 Thucydidis
1390 1602 1502 1638 verba
1540 1603 1587 1638 ab

137 1663 215 1708 ipso
254 1662 452 1698 Plutarcho
489 1660 669 1708 exscripta
703 1674 798 1710 esse,
838 1675 905 1708 pro
943 1665 1041 1699 certo
1066 1666 1191 1700 tamen
1216 1664 1422 1700 habendum
1460 1666 1517 1700 est
1545 1675 1588 1700 ea
1628 1658 1630 1660 ¹

139 1736 231 1771 quae
259 1724 480 1771 Thucydidis
515 1724 718 1761 narrationi
743 1724 869 1760 addita
901 1727 985 1761 sunt
1013 1727 1049 1761 et
1090 1726 1128 1761 in
1157 1726 1265 1762 rebus
1291 1728 1328 1762 et
1353 1726 1389 1762 in
1417 1725 1479 1772 eis
1493 1737 1586 1773 quae

137 1789 299 1831 spectent
327 1787 374 1821 ad
400 1787 588 1831 scriptoris
612 1787 784 1822 iudicium
811 1787 1042 1833 Theopompo
1068 1789 1202 1827 deberi.

240 1848 365 1895 Neque
390 1848 504 1895 igitur
532 1850 587 1884 est
612 1860 675 1884 cur
702 1847 917 1893 dubitemus,
958 1849 1045 1896 quin
1071 1849 1191 1886 omnia
1225 1862 1266 1887 ea
1303 1861 1395 1897 quae
1421 1849 1468 1886 ad
1493 1849 1583 1886 hanc

138 1910 351 1946 relationem
389 1911 570 1956 pertinere
610 1922 721 1956 supra
771 1911 925 1947 vidimus
974 1923 997 1947 a
1040 1912 1271 1958 Theopompo
1314 1913 1351 1948 in
1400 1912 1584 1959 prooemio

139 1972 312 2008 historiae
340 1972 500 2008 Graecae
526 1974 677 2008 narrata
704 1972 854 2016 fuerint;
887 1973 923 2009 in
962 1973 1059 2020 quod
1095 1973 1280 2021 aptissime
1318 1986 1360 2011 ea
1397 1973 1585 2011 convenire

137 2037 299 2080 apparet,
329 2035 359 2069 si
385 2035 439 2070 ita
467 2046 543 2070 rem
567 2035 765 2070 instituisse
791 2035 984 2083 videbitur,
1023 2039 1065 2071 ut
1090 2036 1167 2072 sola
1193 2048 1235 2071 ea
1261 2048 1354 2083 quae
1379 2039 1585 2086 spectarent

229 2141 250 2181 ¹)
274 2140 366 2180 Quae
390 2150 494 2173 causa
517 2139 648 2173 firmior
671 2150 753 2173 sane
778 2141 830 2174 est
853 2150 894 2174 ea
917 2147 1023 2183 quani
1046 2140 1203 2175 Frickius
1226 2153 1260 2185 p.
1286 2141 1325 2174 15
1349 2142 1471 2175 contra
1493 2141 1584 2176 Coll-

139 2205 308 2228 mannum
332 2194 508 2237 proponit.
555 2194 621 2227 Sed
656 2195 766 2238 magis
791 2195 898 2229 etiam
921 2195 1089 2229 dissentio
1130 2196 1175 2229 ab
1214 2206 1256 2229 ea
1278 2196 1454 2230 sententia
1476 2186 1599 2240 quam*

138 2249 232 2282 idem
251 2249 383 2291 profert
401 2260 430 2292 p.
448 2249 506 2282 59:
531 2249 605 2289 „Da
621 2260 693 2281 nun
716 2249 772 2284 bei
784 2249 952 2283 Plutarch
969 2261 1035 2282 nur
1057 2250 1221 2292 Ephoros,
1245 2250 1345 2284 nicht
1366 2250 1457 2289 aber!
1472 2251 1582 2284 Theo-

136 2314 280 2346 pompos
304 2315 346 2337 zu
370 2303 512 2337 Grande
535 2303 650 2350 liegen
675 2304 781 2344 kann,
817 2304 920 2338 weil
954 2304 980 2337 L
993 2306 1096 2338 etzt
1109 2315 1211 2339 erer
1247 2304 1323 2338 die
1361 2317 1381 2339 v
1394 2305 1507 2340 orko
1521 2316 1571 2337 m-

137 2358 341 2391 menden
370 2357 655 2401 Ereignisse
690 2359 976 2402 unmoglich
1010 2370 1057 2393 so
1087 2359 1394 2393 ausffihrlich
1425 2359 1475 2392 in
1499 2358 1579 2393 cler

138 2412 421 2456 Einleitung
458 2412 567 2446 oder
599 2413 746 2448 einem
775 2414 984 2448 Excurse
1022 2414 1187 2448 seiner
1211 2414 1479 2448 Hellenika
1510 2414 1578 2449 be-

137 2469 159 2499 h
173 2479 193 2500 a
206 2479 228 2499 n
242 2468 263 2499 d
277 2468 318 2500 el
333 2479 355 2499 n
386 2468 409 2500 k
420 2479 439 2500 o
453 2479 475 2500 n
492 2477 511 2501 n
525 2470 541 2500 t
553 2469 592 2501 e“
617 2470 652 2509 et
676 2479 765 2510 quae
789 2470 992 2511 sequuntur.
