1755 2892
851 180 903 219 28

161 307 397 356 Xenophonte
432 311 468 345 et
498 310 623 347 eodem
647 310 746 347 fonte
781 323 887 358 quem
913 311 1093 348 Diodorus
1118 311 1334 356 adhibuerit,
1373 324 1415 348 eo
1450 311 1605 349 maxime

155 370 212 406 usi
239 372 463 418 argumento,
493 372 590 418 quod
618 383 661 408 ea
687 383 779 419 quae
803 384 826 409 a
851 369 1050 409 Plutarcho
1074 374 1225 410 narrata
1251 372 1324 410 sint
1349 372 1444 410 inter
1469 384 1507 410 se
1531 384 1604 411 non

155 431 245 469 satis
271 432 496 472 conveniant.
549 433 639 470 Mihi
664 435 788 471 tamen
813 446 929 482 neque
967 434 1034 471 hoc
1059 446 1174 481 neque
1209 446 1250 472 eo
1288 435 1386 483 quod
1424 434 1605 473 antecedit

156 494 275 540 capite
300 506 342 530 ea
380 506 472 541 quae
509 495 670 533 Diodoro
707 496 839 532 similia
877 497 962 532 sunt
993 497 1024 531 'a
1063 495 1190 532 ceteris
1228 508 1377 542 prorsus
1415 496 1604 534 dissentire

155 556 335 601 videntur,
364 568 584 605 quamquam
608 557 645 593 in
664 569 788 606 pugna
807 557 980 606 Cyzicena
1004 557 1178 595 nonnulla
1189 555 1344 596 fortasse
1369 558 1602 597 aPlutarcho

153 617 287 655 omissa
312 620 415 663 sunt,
449 632 522 666 qua
560 632 599 656 re
625 620 749 667 aliqua
783 620 944 657 nascitur
970 620 1185 658 obscuritas,
1242 620 1352 656 Velut
1377 632 1489 657 unum
1513 621 1604 658 illud

155 680 254 726 quod
281 692 352 717 non
391 681 481 718 satis
520 683 617 718 recte
643 694 680 718 se
706 681 839 718 habere
866 682 963 728 apud
992 681 1262 718 Diodorum
1300 694 1411 729 supra
1436 682 1601 727 diximus,

156 742 252 788 quod
280 742 468 780 Mindarus
495 744 582 779 dum
608 755 689 779 cum
715 743 903 781 Alcibiade
936 739 1077 791 pugnat
1106 755 1178 780 non
1205 743 1502 796 animadvertisse
1526 745 1603 781 tra·

156 803 256 839 ditur
282 816 320 840 se
358 816 380 841 a
408 805 537 841 ceteris
563 804 837 842 Atheniensium
862 805 1017 842 navibus
1054 805 1314 849 circumveniri,
1342 805 1381 841 id
1405 804 1603 842 rectissime

153 877 190 901 sc
213 865 324 903 habet
340 867 438 913 apud
450 866 709 902 Plutarchum:
736 878 819 903 nam
845 867 931 903 dum
953 867 1104 903 nebulae
1120 867 1205 904 illae
1216 878 1369 914 quarum
1384 865 1602 904 Plutarchus

152 927 370 964 mentionem
396 928 484 965 facit
509 929 804 975 disponebantur,
829 929 934 965 facile
958 928 1079 975 potuit
1103 928 1181 977 fieri
1206 930 1248 964 ut
1270 928 1385 965 hostis
1404 927 1600 965 Alcibiadis

151 988 296 1035 quidem
324 1002 432 1026 naves
472 990 700 1038 aliquantum
739 978 948 1036 praevectas
975 990 1205 1037 conspiceret,
1240 990 1323 1027 illas
1360 1001 1453 1037 quae
1490 989 1600 1037 paulo

151 1051 293 1099 longius
318 1053 472 1089 aberant
496 1065 567 1090 non
590 1053 821 1103 conspiceret.
873 1053 966 1089 Tum
992 1053 1089 1100 quod
1103 1050 1264 1090 Mindari
1287 1055 1371 1099 post
1383 1053 1600 1090 translatam

157 1114 299 1149 demum
326 1127 486 1162 pugnam
525 1115 562 1150 in
600 1117 736 1152 terram
778 1115 912 1151 mentio
949 1115 1114 1158 inicitur,
1151 1115 1377 1162 neglegentia
1413 1114 1601 1151 Plutarchi

158 1165 296 1211 factum
319 1188 395 1212 esse
427 1178 559 1222 potest.
612 1176 653 1211 In
694 1188 734 1212 eo
770 1178 891 1212 autem
929 1175 1333 1212 Breitenbachio
1372 1175 1395 1213 1.
1425 1187 1453 1214 s.
1480 1186 1512 1217 c.
1538 1175 1601 1210 ad·

154 1236 320 1285 stipulor,
347 1238 443 1284 quod
469 1238 644 1275 nonnulla
679 1240 799 1274 censet
826 1238 941 1274 inesse
966 1238 1004 1273 in
1029 1237 1217 1273 Plutarchi
1242 1237 1469 1280 narratione,
1508 1247 1601 1283 quae

155 1309 270 1344 neque
296 1309 377 1334 cum
395 1299 631 1345 Xenophonte
658 1311 773 1346 neque
798 1310 879 1334 eum
899 1298 1060 1335 Diodoro
1082 1299 1171 1335 satis
1186 1300 1353 1334 accurate
1380 1298 1600 1346 congruant3

156 1359 269 1406 igitur
295 1372 516 1408 quamquam
551 1373 616 1408 per
642 1373 678 1397 sc
702 1360 793 1397 nihil
819 1361 942 1397 obstat
966 1360 1158 1407 quominus
1186 1360 1459 1406 Xenophontem
1484 1360 1601 1406 ipsum

157 1433 179 1456 a
205 1421 402 1458 Plutarcho
440 1421 643 1459 adhibitum
683 1424 867 1469 putemus,
909 1424 1032 1458 tamen
1064 1421 1312 1468 Ephorum
1352 1433 1433 1457 eum
1471 1421 1509 1456 in
1546 1420 1602 1456 his

156 1483 335 1530 capitibus
360 1486 523 1521 secutum
549 1496 626 1521 esse
650 1484 727 1520 veri
755 1482 906 1521 similius
932 1486 1001 1532 est,
1028 1495 1109 1519 cum
1147 1482 1362 1530 praesertim
1388 1494 1498 1530 quam
1524 1484 1603 1520 arte

157 1556 199 1581 ea
233 1545 425 1582 coniuncta
464 1546 537 1582 sint
568 1558 653 1589 ⁴cum
692 1546 938 1593 superioribus
964 1545 1143 1592 capitibus
1181 1556 1292 1592 supra
1317 1544 1603 1583 demonstratum

158 1607 216 1652 sit,
250 1607 381 1656 quibus
408 1608 517 1645 etiam
543 1608 622 1655 ipso
648 1607 827 1645 scribendi
845 1619 981 1656 *genere
1006 1606 1189 1644 simillima
1213 1608 1322 1651 sunt;
1363 1608 1407 1643 ut
1441 1606 1537 1644 enim
1565 1606 1603 1643 in

155 1670 228 1705 illis
264 1670 531 1717 Thucydidem,
577 1671 631 1707 ita
667 1671 704 1706 in
744 1670 800 1707 his
840 1670 1117 1716 Xenophontem
1154 1669 1381 1716 potissimum
1418 1671 1603 1707 auctorem

155 1732 299 1767 secutus
326 1733 392 1776 est,
432 1731 502 1769 nisi
526 1732 624 1779 quod
649 1731 823 1768 nonnulla
848 1731 992 1767 aliunde
1018 1730 1164 1779 cognita
1183 1730 1336 1769 addidit.
1388 1730 1442 1767 Ea
1480 1732 1603 1768 autem

155 1804 248 1840 quac
268 1793 428 1830 Diodoro
453 1791 587 1829 similia
612 1795 698 1830 sunt
723 1805 765 1830 ex
792 1793 909 1829 altera
935 1793 1091 1839 quadam
1116 1787 1392 1828 harum'rerum
1419 1792 1602 1841 memoria,

154 1867 263 1901 quam
290 1857 436 1901 praeter
463 1855 736 1902 Xenophontem
764 1856 801 1890 et
836 1854 1003 1900 Ephorus
1032 1856 1070 1890 et
1100 1853 1353 1901 Theopompus
1379 1853 1492 1890 secuti
1517 1853 1601 1898 sint,

154 1918 243 1952 nata
270 1928 346 1953 esse
371 1928 449 1953 eam
490 1917 536 1953 ob
562 1928 708 1953 causam
751 1916 811 1953 vix
854 1916 1046 1963 quisquam
1084 1915 1278 1952 crediderit
1313 1914 1601 1959 Breitenbaehio,

155 1978 241 2024 quia
266 1976 347 2024 ipsa
372 1978 558 2014 Plutarchi
586 1979 698 2015 verba
735 1978 917 2014 interdum
951 1979 1157 2024 congruunt
1181 1988 1262 2012 cum
1300 1976 1461 2013 Diodoro
1489 1976 1602 2023 (velut

154 2041 191 2076 in
217 2053 341 2088 pugna
378 2041 557 2088 Abydena
589 2040 696 2079 Diod.
721 2039 821 2084 XIII,
848 2040 907 2084 46,
937 2039 972 2078 3.
1025 2039 1122 2079 Plut.
1150 2039 1227 2078 Alc.
1255 2039 1314 2083 27,
1351 2036 1389 2075 in
1427 2037 1602 2087 Cyzicena

156 2103 262 2140 Diod.
305 2104 373 2150 50,
414 2105 433 2139 1
484 2099 714 2152 βουλόμενος
758 2098 1088 2151 προκαλέσασθαι
1127 2097 1229 2143 τούς
1269 2098 1601 2148 Λακεδαιμονίους

155 2165 253 2201 Plut.
287 2176 315 2204 c.
342 2165 389 2203 28
417 2163 483 2200 καὶ
509 2162 772 2213 προύκαλεῖτο
809 2159 912 2205 τούς
947 2160 1157 2211 πολεμίους
1191 2161 1299 2201 Diod.
1332 2159 1598 2211 κατεφρόνησε

153 2227 253 2265 Plut.
271 2223 671 2275 καταφρονήσαντες).
705 2226 834 2272 Itaque
846 2224 972 2272 negari
997 2224 1057 2260 vix
1076 2226 1197 2270 potest
1221 2225 1426 2270 praeter
1450 2223 1599 2270 Epho-

154 2300 262 2324 rum
303 2288 462 2325 etiam
503 2287 866 2335 Theopompum
904 2298 927 2322 a
965 2283 1256 2323 Plutarcho
1300 2285 1600 2322 adhibitum

155 2363 262 2387 esse
296 2351 341 2387 in
372 2351 452 2386 his
492 2350 750 2396 capitibus
782 2360 934 2396 eumque
969 2361 1011 2384 ex
1037 2350 1192 2395 utroque
1228 2359 1331 2384 suam
1355 2347 1601 2402 narrationem

153 2413 208 2448 ita
230 2412 471 2454 concinnasse,
508 2413 550 2447 ut
578 2411 616 2446 in
643 2411 797 2447 alterum
824 2410 999 2446 nonnulla
1033 2421 1075 2445 ex
1106 2409 1222 2446 altero
1247 2411 1393 2456 sumpta
1415 2408 1599 2446 insereret.

258 2474 291 2510 D
307 2474 319 2511 i
336 2486 357 2511 0
371 2474 395 2509 d
409 2486 429 2510 ο
443 2486 499 2510 ru
513 2486 529 2510 s
565 2485 593 2510 c.
622 2473 671 2512 64
709 2473 898 2510 continuat
935 2484 1028 2519 quae
1067 2483 1096 2511 c.
1126 2472 1175 2510 52
1213 2482 1363 2510 narrare
1393 2471 1601 2518 inceperam
