1755 2892
840 134 898 176 Γ29

146 265 301 311 utroque
334 262 414 300 loco
451 273 524 299 non
557 262 820 310 quinquaginta
861 264 918 309 (ut
958 263 1056 309 apud
1092 262 1365 310 Xenophontem
1397 261 1425 305 I,
1463 261 1496 304 1,
1522 258 1589 308 34)

145 324 208 362 sed
230 324 385 373 triginta
409 335 518 361 naves
546 323 737 371 Thrasyllo
763 322 874 360 fuisse
898 324 1114 369 traduntur3
1154 324 1190 360 in
1221 324 1370 371 reliquis
1413 334 1506 370 quae
1548 323 1591 358 de

146 396 269 434 pugna
305 385 403 432 apud
429 384 610 432 Ephesum
644 384 747 422 facta
783 387 999 437 narrantur,
1036 386 1202 434 congruit
1231 398 1312 422 cum
1353 385 1591 432 Xenophonte

144 445 193 496 (I,
218 446 253 491 2,
281 446 404 490 '7—93
431 447 530 483 velut
555 447 735 484 Diodorus
761 450 1017 484 commemorat
1030 447 1311 494 quadringentos
1338 459 1380 483 ex
1393 446 1591 483 Athenien-

144 507 243 545 sibus
268 507 427 556 periisse,
472 507 670 555 Xenophon
708 508 737 554 Ι,
768 509 802 554 2,
831 508 853 546 9
881 510 1025 545 centum
1050 509 1163 545 altero
1192 509 1281 557 loco,
1309 509 1424 546 altero
1450 505 1591 545 trecen-

144 571 230 616 tos).
281 569 522 607 Plutarch
537 582 586 607 us
626 582 656 609 c.
696 570 743 608 29
784 566 834 606 τό
860 570 1032 618 χαλκοῦν
1072 564 1270 618 τρόπαιον
1309 572 1406 618 quod
1443 571 1590 618 Ephesii

145 631 189 668 de
213 631 281 668 hac
306 631 459 668 victoria
484 631 670 678 posuerint
694 632 749 668 ita
772 631 896 678 prodit
921 633 1110 678 tamquam
1135 633 1165 668 is
1192 635 1317 670 auctor
1338 645 1445 679 quem
1470 632 1589 679 sequi-

144 695 207 730 tur
232 693 433 740 (Ephorum
459 691 555 742 dico)
582 694 659 739 ipse
685 693 723 729 id
749 692 909 731 vidisset.

245 754 300 791 De
317 754 530 802 Chrysopoli
548 754 595 791 ab
614 754 891 791 Atheniensibus
909 754 1088 800 praesidio
1101 755 1242 791 munita
1257 755 1417 792 Diodoro
1441 767 1470 793 c.
1486 756 1545 799 64,
1565 756 1587 792 2

144 815 311 853 convenit
338 827 419 852 cum
444 815 682 863 Xenophonte
709 816 736 860 Ι,
776 818 805 859 l,
834 816 893 859 22,
931 827 1151 863 quamquam
1189 816 1304 852 solum
1330 816 1611 853 Theramenem.

145 877 274 914 ducem
299 875 409 926 fuisse
434 890 584 925 eumque
609 878 873 926 quinquaginta
898 877 1051 914 navibus
1076 878 1273 924 praefuisse
1300 881 1426 915 auctor
1452 881 1516 922 est,
1546 881 1588 915 ut

144 939 261 976 simul'
277 939 445 986 Byzantii
471 942 508 976 et
530 937 761 976 Chalcedonis
786 938 1011 978 obsidionem
1037 940 1256 987 susciperet3
1296 940 1402 977 simul
1430 940 1587 986 Thrasy-

142 1001 267 1037 bulum
292 1000 443 1038 urbibus
470 1001 643 1038 Thraciae
670 1001 898 1049 (Perinthum
926 1004 963 1039 et
984 1002 1187 1050 Selybriam
1212 989 1586 1049 nominatXenophon

144 1063 173 1107 Ι,
203 1065 236 1106 l,
262 1061 330 1112 21)
357 1064 492 1100 bellum
518 1064 691 1108 intulisse,
719 1064 944 1100 Alcibiadem
969 1076 1050 1100 cum
1077 1064 1270 1110 Thrasyllo
1296 1064 1334 1099 iu
1360 1064 1587 1099 Pharnabazi

143 1114 343 1171 satrapiam
368 1125 608 1162 incursionem
633 1126 782 1164 fecisse:
824 1137 916 1172 quae
951 1126 1139 1162 cohaerere
1182 1137 1264 1162 cum
1298 1125 1519 1171 Theopompi
1545 1125 1589 1160 de

141 1185 292 1222 ducibus
317 1186 590 1223 Atheniensium
615 1187 797 1223 sententia
831 1187 977 1224 diversa
1003 1187 1067 1223 illa
1102 1199 1125 1222 a
1161 1187 1397 1233 Xenophonte
1423 1188 1587 1232 apparet.

143 1247 197 1283 De
219 1248 448 1284 contentione
471 1248 567 1284 inter
586 1248 785 1284 Alcibiadis
812 1250 848 1284 et
865 1248 1044 1295 Thrasylli
1071 1249 1203 1284 milites
1223 1248 1321 1283 facta
1347 1259 1438 1294 quae
1460 1249 1587 1282 narrat

142 1307 341 1355 Xenophon
364 1309 395 1357 Ι,
424 1311 457 1353 2,
490 1311 647 1357 15-17,
662 1321 716 1346 -ea
741 1322 813 1346 non
838 1310 1070 1347 inveniuntur
1089 1309 1186 1355 apud
1201 1309 1410 1352 Diodorum,
1437 1321 1586 1354 prorsus

144 1371 268 1406 eadem
293 1373 414 1407 autem
440 1372 555 1407 tradit
580 1371 797 1407 Plutarchus
825 1383 853 1408 c.
880 1371 938 1414 29,
978 1371 1041 1406 ubi
1076 1371 1173 1417 quod
1198 1371 1315 1406 solum
1341 1370 1503 1406 additum
1532 1373 1588 1406 est

142 1431 345 1468 sacerdotes
372 1432 547 1479 quosdam
573 1435 697 1479 captos
736 1433 782 1468 ab
822 1432 1009 1469 Alcibiade
1044 1432 1119 1468 sine
1154 1432 1272 1478 pretio
1306 1432 1471 1468 dimissos
1497 1443 1585 1478 esse,

142 1493 181 1529 id
205 1505 248 1530 ex
265 1494 433 1531 inferiore
453 1495 574 1541 aliquo
602 1495 776 1541 scriptore
787 1495 1005 1531 Plutarchus
1032 1494 1176 1531 videtur
1189 1495 1396 1541 sumpsisse.
1423 1494 1587 1530 Ceterum

142 1555 180 1591 in
218 1555 274 1592 his
312 1556 477 1593 omnibus
508 1554 708 1593 Diodorum
744 1556 791 1592 ad
830 1557 979 1594 verbum
1013 1555 1230 1603 aliquotiens
1271 1567 1466 1604 congruere
1505 1568 1586 1592 cum

142 1616 376 1664 Xenophonte
401 1630 551 1663 moneo;
590 1631 661 1665 quo
688 1619 956 1665 comprobatur,
984 1618 1080 1665 quod
1106 1630 1170 1664 per
1197 1630 1234 1654 se
1261 1618 1336 1654 veri
1365 1618 1585 1654 simillimum

143 1681 207 1723 est,
237 1679 347 1715 etiam
372 1690 394 1715 a
420 1679 650 1726 Theopompo
676 1679 926 1726 Xenophontis
951 1679 1085 1715 librum
1113 1678 1315 1715 adhibitum
1341 1690 1428 1715 esse.

219 1766 223 1768 -
246 1741 300 1777 De
325 1740 417 1788 Pylo
451 1753 473 1777 a
498 1739 788 1778 Lacedaemoniis
825 1743 933 1787 capta
973 1752 1064 1788 quae
1101 1740 1217 1777 tradit
1254 1740 1436 1777 Diodorus
1462 1753 1491 1777 c.
1521 1741 1583 1785 64,

144 1804 255 1851 5—7,
282 1814 325 1839 ea
350 1815 422 1839 non
448 1803 655 1849 discrepant
681 1815 762 1839 cum
786 1803 1020 1850 Xenophonte
1047 1803 1081 1846 2,
1111 1803 1169 1850 18,
1196 1803 1293 1849 apud
1318 1815 1427 1850 quem
1462 1805 1587 1839 tamen

141 1864 271 1901 desunt
295 1875 388 1912 quae
414 1865 457 1901 de
480 1865 614 1902 auxilio
634 1865 749 1913 Anyti
774 1867 809 1901 et
833 1865 876 1901 de
901 1865 977 1901 eius
1003 1865 1231 1901 accusatione
1251 1864 1447 1904 adduntur.
1476 1864 1587 1901 Tacet

141 1926 340 1973 Xenophon
356 1927 465 1963 etiam
492 1927 535 1963 de
548 1927 682 1963 Nisaea
706 1938 728 1962 a
745 1926 1016 1974 Megarensibus
1045 1928 1153 1972 capta
1178 1926 1328 1973 (Diod.
1346 1938 1376 1965 c.
1397 1927 1456 1970 65,
1482 1929 1513 1964 1..
1529 1926 1585 1972 2);

142 1987 429 2035 Cratesippidam
442 1989 664 2025 nauarchum
684 1988 821 2025 factum
838 2001 913 2025 esse
926 1989 999 2024 iam
1026 2000 1056 2026 c.
1076 1991 1107 2036 1,
1136 1989 1184 2026 32
1205 1988 1380 2026 narravit.
1421 1988 1583 2035 Sequun-

141 2052 203 2087 tur
241 2050 339 2097 apud
371 2050 572 2087 Diodorum
612 2052 657 2097 (c.
688 2051 748 2099 65,
776 2050 811 2090 3.
841 2052 880 2096 4)
920 2017 1107 2098 quaedam
1125 2051 1169 2087 de
1196 2051 1354 2087 motibus
1381 2050 1459 2086 Chii
1483 2050 1583 2094 ortis,

141 2123 233 2160 quae
262 2114 298 2149 et
323 2112 404 2159 ipsa
423 2123 498 2150 non
521 2112 691 2160 leguntur
716 2112 813 2159 apud
831 2112 1128 2159 Xenophontem,
1155 2113 1192 2148 in
1218 2112 1348 2159 quibus
1362 2111 1583 2157 Theopompi

141 2173 185 2210 de
209 2173 331 2220 patria
356 2185 422 2209 sua
447 2173 656 2210 memoriam
685 2175 806 2210 extare
824 2176 995 2220 apparet.

241 2234 284 2271 In
310 2234 542 2271 Chalcedonis
567 2235 769 2273 obsessione
795 2235 1030 2272 describenda
1066 2235 1153 2271 Dio
1168 2234 1222 2270 do
1236 2246 1315 2271 rus
1344 2246 1374 2273 c.
1415 2235 1463 2273 66
1505 2246 1586 2271 cum

141 2297 187 2333 ad
228 2297 379 2335 verbum
421 2310 679 2344 nonnunquam
731 2300 910 2345 congruat
950 2310 1031 2334 cum
1067 2297 1301 2343 Xenophonte
1335 2297 1363 2344 Ι,
1392 2298 1427 2344 3,
1471 2298 1584 2345 2-8,

141 2358 263 2397 omisit
287 2370 379 2406 quae
403 2359 464 2396 ille
495 2359 611 2396 tradit
639 2360 683 2395 de
708 2359 934 2396 Pharnabazi
963 2358 1107 2395 auxilio.
1135 2356 1360 2395 Plutarchus
1385 2370 1417 2397 c.
1446 2358 1507 2399 29.
1536 2359 1585 2396 30

140 2421 178 2457 in
241 2422 291 2458 eis
355 2433 448 2468 quae
498 2422 627 2459 desunt
685 2423 782 2468 apud
837 2422 1037 2458 Diodorum
1101 2421 1269 2467 congruit
1330 2433 1411 2456 cum
1467 2421 1585 2457 Xeno-
