1755 2892
827 174 878 212 53

136 302 549 344 Lacedaemoniis
591 305 761 339 essent
814 304 1182 351 renuntiasse,
1227 304 1296 340 nisi
1341 304 1569 340 Alcibiadem
1610 304 1622 312 ⁸

136 370 258 405 vivum
297 368 361 403 aut
398 367 580 401 mortuum
619 365 692 400 sibiv
723 365 954 402 tradidisset:
995 367 1092 412 quod
1133 367 1266 402 idcirco
1309 378 1389 402 cum
1433 366 1571 412 Ephori

139 430 345 467 narratione
371 440 444 464 non
469 424 655 471 consentit,
696 428 782 475 quia
821 428 850 464 is
887 428 935 474 ip
950 441 995 465 so
1012 441 1030 464 r
1042 441 1111 464 um
1152 429 1181 465 L
1196 441 1218 465 a
1228 441 1247 466 c
1262 441 1280 465 e
1294 429 1318 464 d
1332 441 1354 465 a
1365 441 1383 465 e
1393 441 1458 465 mo
1472 441 1496 464 n
1509 429 1522 464 i
1536 441 1573 465 ο-

139 504 239 528 rum
285 490 513 526 consilia
562 489 928 525 Pharnabazum
962 491 1017 525 ad
1055 502 1224 537 regem
1259 488 1460 526 deferre
1495 500 1575 526 vo-

140 553 230 588 luis
245 564 261 587 s
275 564 293 587 e
318 549 443 586 tradit.
471 550 511 584 In
527 550 684 585 dilucida
703 552 738 585 et
758 550 919 595 speciosa
946 551 989 586 de
1017 549 1341 587 caedeAlcibiadis
1367 552 1576 587 narratione

141 611 359 657 Theopompi
386 611 562 646 scribendi
590 622 700 657 genus
728 613 825 646 certo
854 611 1099 658 distinguitur.
1152 612 1258 646 Illum
1285 612 1379 647 enim
1405 623 1576 648 succensa

91 687 99 692 ’
140 683 182 709 ea
207 673 243 708 in
276 683 348 718 qua
373 671 575 707 dormiebat
600 683 683 707 casa
709 684 750 707 ex
777 672 939 708 incendio
965 672 1128 720 effugisse
1157 675 1193 708 et
1218 672 1300 708 telis
1317 672 1444 708 deinde
1465 673 1577 709 inter-

140 735 271 770 fectum
299 745 374 768 esse
400 733 534 776 tradit3
575 745 645 779 quo
673 731 770 769 facto
793 745 940 769 uxorem
975 734 1049 769 eius
1094 734 1217 769 eodem
1242 734 1317 780 igni
1357 734 1419 780 qui
1454 734 1577 770 vivum

145 794 346 841 opprimere
372 801 443 830 non
468 794 646 840 potuisset
669 797 850 830 mortuum
879 805 1065 831 cremasse.

241 856 329 892 Cum
368 855 530 892 Cornelio
560 867 705 901 prorsus
739 856 916 892 consentit
954 855 1262 898 Plutarchus
1299 856 1386 895 Alc.
1416 856 1576 897 37—39,

140 919 178 953 in
205 917 306 953 cuius
332 917 506 952 relatione
532 917 752 962 Theopompi
786 917 830 951 de
855 916 1042 952 Alcibiade
1068 917 1245 951 sententia
1273 917 1434 962 apertius
1462 917 1571 951 cerni-

139 982 210 1017 tur.
275 977 394 1014 Etiam
431 978 497 1013 hoc
532 978 610 1013 loco
650 978 686 1013 in
722 977 934 1024 Bithyniam
971 977 1105 1024 fugisse
1147 980 1183 1013 et
1220 978 1409 1014 consilium
1448 977 1576 1014 salutis

138 1039 416 1075 Atheniensibus
445 1051 467 1074 a
505 1051 587 1085 rege
627 1039 818 1084 Persarum
854 1028 1029 1084 petendae
1084 1039 1217 1084 cepisse
1247 1040 1430 1083 traditur,
1469 1040 1578 1086 idque

100 1093 106 1100 ”
139 1100 332 1146 opponitur
368 1101 462 1135 malo
502 1100 555 1134 illi
595 1099 843 1135 Themistoclis
881 1099 1038 1143 consilio,
1090 1099 1152 1145 qui
1193 1102 1319 1135 contra
1366 1100 1459 1136 cives
1495 1112 1578 1136 suos

139 1163 329 1197 Persarum
370 1162 541 1196 auxilium
582 1160 815 1199 invocaverit.
884 1160 1019 1196 Deinde
1062 1172 1142 1197 cum
1180 1161 1343 1197 Cornelio
1383 1162 1493 1197 etiam
1539 1162 1578 1196 id

137 1223 312 1270 congruit,
337 1222 434 1268 quod
462 1222 664 1257 Alcibiades
690 1233 712 1256 a
730 1222 964 1257 Pharnabazo
991 1222 1103 1257 amice
1130 1225 1166 1258 et
1192 1223 1383 1273 honorifice
1410 1226 1580 1267 exceptus·

139 1297 213 1321 csse
245 1284 392 1321 fertur.‘
426 1283 518 1319 Tum
557 1283 781 1329 apertissime
820 1283 866 1318 ad
906 1283 1127 1330 Theopompi
1167 1284 1380 1320 sententiam
1414 1286 1575 1335 spectat,

137 1347 232 1392 quod
260 1344 360 1385 Plut.
388 1357 418 1383 c.
455 1344 503 1383 38
542 1345 712 1381 narravit
753 1345 927 1390 populum
955 1345 1231 1382 Atheniensium
1258 1348 1336 1381 tum
1363 1346 1580 1390 paenituisse

135 1407 293 1445 omnium
327 1418 474 1445 suorum
515 1405 685 1443 vitiorum
724 1405 835 1453 (quod
874 1405 1009 1453 optime
1047 1406 1215 1444 convenit
1256 1418 1342 1442 cum
1378 1407 1438 1452 eis,
1487 1419 1579 1455 quae

140 1471 237 1515 apud
281 1471 479 1505 Diodorum
519 1481 546 1506 c.
591 1470 658 1505 103
699 1469 899 1515 leguntur),
954 1480 1108 1514 quorum
1160 1470 1356 1505 maximum
1395 1470 1432 1504 id
1470 1470 1579 1505 fuisse

139 1532 333 1575 duxissent,
353 1531 450 1579 quod
467 1530 692 1566 Alcibiadem
705 1533 853 1576 propter
878 1531 1020 1567 nullum
1044 1531 1159 1576 ipsius
1181 1531 1323 1579 vitium,
1350 1532 1412 1567 sed
1432 1534 1581 1577 propter

104 1596 106 1600 ’
136 1605 270 1639 paucas
298 1594 380 1630 illas
416 1605 525 1630 naves
564 1604 586 1628 a
613 1593 853 1639 gubernatore
890 1592 965 1629 eius
999 1592 1160 1638 perditas
1199 1594 1244 1628 ab
1284 1593 1434 1639 imperio
1462 1606 1577 1630 remo-

138 1655 284 1694 vissent.
339 1655 473 1691 Tamen
505 1655 598 1691 cives
638 1666 777 1691 omnem
819 1654 857 1690 in
896 1666 936 1691 eo
975 1666 1075 1701 spem
1109 1655 1238 1691 salutis
1278 1655 1456 1703 posuisse,
1497 1655 1582 1702 quia

141 1719 332 1765 putassent
349 1729 429 1753 eum
456 1729 527 1753 non
547 1728 738 1762 passurum
764 1728 801 1752 se
830 1727 852 1752 a
866 1716 1157 1759 Lacedaemoniis
1184 1719 1220 1753 et
1244 1717 1398 1764 triginta
1414 1717 1578 1762 tyrannis

141 1778 273 1814 vexari.
333 1779 387 1814 De
421 1790 493 1825 qua
531 1791 569 1815 re
608 1778 781 1815 sollicitos
818 1780 993 1825 tyrannos
1033 1779 1261 1826 Lysandrum
1296 1778 1458 1816 docuisse
1493 1779 1579 1816 vivo

140 1839 328 1877 Alcibiade
354 1853 425 1877 non
452 1840 527 1885 sine
552 1842 725 1887 perpetuo
746 1840 905 1887 periculo
925 1835 1116 1887 imperium
1141 1853 1246 1878 suum
1270 1852 1375 1887 posse
1394 1841 1579 1885 sustineri3

139 1900 242 1936 illum
269 1904 390 1937 tamen
419 1914 490 1938 non
513 1902 613 1948 prius
638 1904 681 1938 ut
721 1902 753 1938 ei
783 1902 932 1938 insidias
956 1905 1105 1948 pararet
1131 1901 1328 1939 adductum
1355 1915 1439 1946 esse,
1467 1914 1575 1949 quam

143 1975 165 1998 a
196 1963 389 2008 Spartiatis
424 1976 504 1999 eum
539 1964 581 1999 de
616 1964 733 2000 medio
770 1964 897 2001 tollere
930 1964 1049 2001 iussus
1074 1967 1177 2001 esset.
1231 1965 1304 2011 Cap
1341 1964 1388 2002 39
1415 1975 1508 2011 quae
1535 1965 1578 2001 de

142 2023 357 2060 Timandrae
375 2024 520 2060 somniis
546 2025 755 2069 afferuntur,
780 2037 822 2061 ex
851 2025 921 2061 alio
948 2025 1102 2062 fortasse
1136 2028 1282 2062 auctore
1308 2028 1454 2072 sumpta
1480 2028 1577 2070 sunt,

141 2084 297 2132 itemque
323 2098 415 2133 quae
441 2088 599 2123 extremo
627 2087 744 2133 capite
770 2087 953 2123 adduntur
984 2086 1096 2134 (ἔνιοι
1123 2086 1164 2122 δὲ
1191 2088 1292 2133 κτλ.)
1326 2088 1373 2124 ad
1403 2088 1579 2124 Duridem

141 2147 197 2182 vel
223 2147 395 2194 Satyrum
413 2148 580 2184 videntur
600 2148 796 2186 referenda.
852 2148 878 2184 C
890 2149 1097 2185 ornelius
1123 2149 1249 2185 ultimo
1263 2149 1361 2186 vitae
1376 2148 1575 2187 Alcibiadis

142 2208 258 2254 capite
299 2212 336 2245 et
367 2209 610 2256 Thucydidem
648 2212 685 2246 et
729 2210 915 2246 Timaeum
954 2213 990 2246 et
1021 2210 1305 2258 'Theopompum
1354 2212 1579 2249 Alcibiadem

141 2269 306 2307 laudasse
330 2274 607 2315 commemorat;
649 2272 692 2307 de
725 2284 796 2319 quo
833 2272 912 2308 loco
945 2272 1018 2307 iam
1056 2283 1170 2322 supra
1203 2273 1338 2309 dictum
1368 2276 1434 2313 est.
1486 2274 1579 2310 Tum

140 2343 232 2377 quae
264 2335 464 2380 sequuntur
506 2333 637 2370 similia
676 2335 760 2370 sunt
793 2333 843 2370 eis
893 2345 984 2380 quae
1026 2333 1136 2378 Plut.,
1162 2334 1240 2374 Alc.
1278 2336 1325 2373 23
1361 2335 1478 2372 tradit
1513 2348 1577 2374 nec

140 2393 257 2429 minus
295 2394 418 2441 Satyri
456 2394 659 2441 fragmento
685 2395 781 2441 quod
820 2396 940 2444 exstat
971 2395 1068 2441 apud
1102 2395 1233 2432 Athen.
1271 2397 1341 2432 XII
1365 2409 1402 2443 p.
1430 2398 1505 2435 534
1533 2399 1576 2437 Β.

141 2451 274 2491 Tamen
298 2460 383 2492 sunt
407 2455 537 2503 quibus
560 2458 634 2493 tres
647 2456 700 2492 illi
726 2456 795 2493 loci
816 2456 915 2493 inter
942 2468 980 2494 se
1004 2457 1184 2507 differant,
1211 2470 1326 2506 neque
1360 2459 1407 2495 ad
1427 2460 1576 2496 eundem
