1755 2892
886 144 937 192 13

182 290 273 327 opus
315 281 389 328 est,
425 291 468 317 ea
492 279 589 317 unde
615 279 761 317 fluxerit
790 279 1071 316 luculentissime
1112 278 1351 327 perspicietur
1390 280 1421 317 si
1458 292 1551 329 quae
1589 281 1657 318 de*

180 340 402 387 Theopompi
426 341 570 389 ingenio
597 352 639 377 ac
674 342 793 377 mente
819 341 958 377 tradita
985 342 1069 376 sunt
1095 341 1299 377 accuratius
1326 342 1632 388 perpenderimus.

181 401 362 445 Quoniam
386 403 482 438 enim
524 403 651 438 auctor
689 401 796 437 huius
822 399 1008 437 relationis
1033 402 1240 448 quicunque
1266 393 1337 438 fuit
1361 414 1384 438 a
1410 395 1629 449 Thucydide,

181 475 289 511 quem
315 465 439 500 tamen
466 464 498 501 ei
524 476 597 501 non
613 464 779 512 ignotum
805 462 916 500 fuisse
941 465 1078 500 certum
1106 465 1173 508 est,
1198 464 1277 510 ipso
1304 464 1349 500 de
1364 463 1472 500 rebus
1498 462 1631 501 iudicio

179 537 329 571 prorsus
356 526 547 572 discrepat,
591 528 870 562 consentaneum
909 527 965 561 est
1007 538 1106 561 eum-
1131 526 1168 560 in
1206 525 1263 562 his
1299 526 1408 561 rebus
1435 524 1633 561 scribendis

179 588 342 624 consulto
369 588 407 623 id
433 589 625 634 spectasse,
667 590 710 624 ut
736 589 875 624 certum
915 587 1098 633 quoddam
1138 598 1244 623 suum
1282 586 1454 622 iudicium
1492 586 1543 623 eis
1568 587 1630 633 qui

179 650 308 685 lecturi
341 653 459 686 essent
497 650 670 695 probaret
706 652 742 685 et
783 649 923 685 animos
964 660 1091 685 eorum
1132 661 1173 685 eo
1215 648 1409 684 adduceret
1443 660 1514 694 quo
1554 648 1631 694 ipse

157 711 299 747 'studio
323 723 365 747 ac
395 712 582 748 voluntate
608 711 811 749 inclinaret.
865 710 989 756 Neque
1025 710 1118 745 enim
1148 711 1264 746 solum
1299 710 1404 747 valde
1430 710 1631 745 admiratus

178 775 233 809 est
257 773 500 820 Alcibiadem,
538 773 600 809 sed
639 775 681 808 ut
721 772 825 807 illum
866 769 955 807 facit
983 771 1134 817 „populi
1159 771 1344 817 potentiae
1369 784 1441 809 non
1473 772 1629 808 amicum

179 836 215 869 et
241 834 474 880 optimatium
501 833 705 870 fautorem“
735 833 857 880 (Corn.
885 833 965 872 Alc.
990 833 1024 877 5,
1041 831 1095 881 3),
1122 833 1199 878 ipse
1231 844 1429 879 paucorum
1445 827 1631 879 potentiae

178 895 310 931 favisse
337 897 373 930 et
397 894 638 930 iniensissimo
666 894 704 929 in
720 894 895 940 populum
922 893 1190 945 Atheniensem*
1205 896 1324 930 animo
1337 894 1448 930 fuisse
1472 894 1630 934 videtur.

178 955 282 999 Quod
322 968 393 1002 quo
433 955 625 992 dilucidius
669 955 909 1002 perspiciatur
948 954 1018 1000 ipsi
1056 954 1234 1002 fingamus
1277 956 1417 1001 animis,
1460 969 1566 1003 quem
1591 956 1630 991 in

177 1019 325 1054 modum
350 1018 521 1064 scriptori
548 1017 780 1064 optimatium
797 1017 959 1053 studioso
973 1019 1010 1052 et
1036 1017 1169 1062 populo
1196 1016 1470 1054 Atheniensium
1482 1008 1628 1054 inimico

177 1091 219 1115 ea
260 1091 352 1125 quae
394 1079 533 1115 ultimis
584 1079 670 1114 belli
714 1077 1009 1124 Peloponnesiaci
1055 1078 1158 1113 annis
1197 1078 1405 1115 acciderunt
1443 1079 1629 1116 narranda

176 1141 321 1184 fuerint,
349 1142 393 1176 ut
418 1140 616 1188 legentium
655 1140 794 1176 animos
834 1140 881 1175 ad
908 1150 1011 1176 suam
1038 1139 1254 1176 sententiam
1278 1140 1486 1179 adduceret.
1537 1140 1627 1177 Post

176 1200 355 1237 infelicem
380 1202 493 1248 igitur
518 1202 795 1237 Atheniensium
822 1202 859 1236 in
885 1200 1008 1236 Sicilia
1048 1203 1214 1237 eventum
1240 1202 1428 1247 probabile
1452 1203 1532 1238 erat
1556 1214 1627 1237 non

176 1264 331 1299 multum
359 1263 533 1309 temporis
576 1274 637 1298 eos
663 1262 957 1298 Lacedaemoniis
997 1273 1102 1308 posse
1140 1262 1330 1307 resistere3
1369 1262 1467 1309 quod
1506 1265 1628 1299 tamen

175 1324 315 1370 aliquot
339 1324 444 1359 annis
458 1324 682 1371 restiterunt,
710 1324 748 1359 id
770 1324 834 1358 uni
849 1323 1033 1358 Alcibiadi
1057 1324 1269 1361 debuerunt.
1310 1324 1488 1367 Quoniam
1513 1324 1627 1371 igitur

175 1385 206 1421 is
231 1385 269 1420 in
294 1384 350 1420 his
378 1385 486 1421 rebus
510 1384 703 1420 narrandis
720 1386 908 1431 tamquam
924 1384 1061 1429 primas
1078 1387 1202 1430 partes
1229 1386 1412 1429 sustinuit,
1439 1379 1623 1431 aptissime

176 1446 297 1482 omnia
322 1458 404 1482 cum
417 1445 604 1491 scriptoris
629 1445 823 1481 sententiar
836 1445 1030 1492 quadrant,
1058 1445 1088 1481 si
1115 1457 1196 1481 eum
1214 1446 1303 1483 facit
1329 1449 1366 1483 et
1392 1446 1623 1494 optimatium

173 1507 342 1553 partibus
383 1505 565 1544 faventem
600 1510 636 1543 et
661 1519 801 1543 summo
843 1507 985 1553 patriae
1027 1519 1150 1543 amore
1173 1510 1367 1553 incensum,
1404 1520 1623 1555 quamquam
1648 1500 1651 1501 ⁷

174 1568 348 1605 acerrimo
368 1569 511 1616 ingenio
531 1569 756 1616 perspexerit
770 1569 1073 1605 Lacedaemonios
1097 1569 1171 1605 iam
1192 1570 1350 1607 multum
1368 1571 1496 1617 opibus
1520 1582 1626 1616 prae-

173 1631 302 1674 valere,
332 1633 368 1666 et
395 1630 538 1666 omnino
565 1631 746 1666 hominem
776 1631 890 1675 probo
917 1632 953 1666 et
976 1642 1107 1677 magno
1131 1631 1278 1681 ingenio
1304 1632 1520 1677 praeditum,
1560 1632 1623 1677 qui

170 1703 237 1727 sua
276 1703 461 1737 nunquam
501 1692 736 1737 spectaverit,
777 1692 838 1727 sed
880 1691 918 1726 id
966 1692 1082 1727 solum
1120 1692 1288 1729 habuerit
1329 1693 1366 1728 in
1404 1693 1535 1738 animo,
1577 1685 1619 1728 ut

170 1753 329 1798 patriam
355 1753 402 1787 ab
428 1752 577 1787 interitu
606 1754 783 1796 servaret,
827 1764 937 1798 quam
963 1765 1055 1788 unus
1078 1753 1139 1788 ille
1165 1754 1326 1799 potuerit
1350 1766 1514 1798 servare;
1542 1755 1621 1801 'qui

169 1816 293 1850 tamen
319 1814 398 1860 ipsa
412 1814 663 1861 magnitudine
694 1825 760 1850 sua
788 1814 825 1849 iu
851 1814 1025 1851 invidiam
1051 1814 1237 1850 hominum
1255 1816 1393 1852 venerit
1419 1818 1456 1852 et
1472 1818 1621 1862 propter
1668 1843 1671 1844 γ

172 1877 301 1923 exigua
327 1876 505 1921 quaedam
543 1868 641 1912 vitae
667 1876 834 1922 privatae
871 1876 963 1912 vitia
1002 1887 1125 1911 eorum
1151 1877 1213 1922 qui
1240 1888 1412 1924 magnum
1438 1876 1514 1915 eius
1541 1879 1619 1914 ani-

170 1949 270 1972 mum
297 1948 371 1972 non
397 1937 648 1984 cognovissent
690 1937 812 1973 odium
849 1938 1014 1976 subierit.
1066 1937 1164 1981 Quae
1204 1938 1325 1974 omnia
1363 1951 1510 1985 prorsus
1537 1952 1619 1976 con-

170 1997 304 2035 sentire
330 2011 411 2034 cum
437 2011 480 2035 ea
506 2011 598 2045 quae
620 2012 685 2046 per
712 2001 830 2036 totam
856 1999 948 2035 hanc
974 1999 1187 2036 relationem
1210 2001 1427 2047 perspicitur
1451 2002 1496 2038 de
1521 2002 1619 2038 Alci-

169 2061 276 2097 biade
303 2062 483 2098 sententia
508 2073 613 2097 nemo
650 2073 722 2097 non
759 2061 948 2107 intellegit.
1002 2061 1072 2097 Sed
1111 2062 1221 2097 etiam
1252 2063 1367 2110 magis
1402 2074 1513 2109 quam
1540 2065 1619 2099 arte

168 2123 233 2159 illa
257 2124 422 2160 narratio
450 2135 532 2160 cum
559 2122 746 2168 scriptoris
782 2122 902 2158 animo
943 2123 1174 2170 optimatium
1208 2124 1393 2170 potentiae
1417 2124 1533 2161 amico
1560 2136 1620 2161 co·
1658 2122 1661 2125 ’

168 2186 317 2221 haereat
353 2185 611 2232 perspicietur,
657 2184 688 2219 si
714 2184 869 2220 alteram
901 2186 1090 2231 tamquam
1126 2184 1294 2232 imaginis
1334 2188 1477 2231 partem
1502 2198 1618 2232 respe-

168 2247 275 2285 xeris.
347 2247 441 2284 Nam
493 2248 691 2293 postquam
740 2245 968 2282 Alcibiadem
1015 2246 1119 2282 finxit
1157 2247 1338 2284 hominem
1377 2249 1533 2293 probum
1576 2251 1613 2284 et

167 2309 309 2354 patriae
336 2309 636 2352 amantissimum,
664 2308 729 2354 qui
753 2319 875 2343 omnes
902 2308 1149 2355 intellegentia
1172 2309 1396 2355 superaverit
1425 2311 1462 2346 et
1486 2310 1525 2345 in
1545 2321 1616 2356 quo

167 2382 239 2405 uno
265 2370 406 2416 patriae
433 2372 531 2407 salus
557 2369 678 2416 posita
703 2369 823 2413 fuerit,
852 2372 1005 2415 apparet
1032 2370 1248 2407 adversariis
1275 2371 1361 2415 eius,
1387 2364 1457 2417 ipsi
1482 2372 1615 2417 populo

165 2432 440 2468 Atheniensium
467 2432 613 2479 eiusque
652 2430 802 2466 ducibus
830 2442 971 2466 omnem
1001 2431 1143 2477 culpam
1170 2431 1390 2468 calamitatis
1417 2431 1610 2469 Athenien-
