1755 2892
799 532 839 592 Ι.

204 685 261 735 De
281 698 502 744 Theopompi
526 697 697 734 historiae
719 698 878 735 Graecae
902 699 1005 736 initio
1037 710 1129 746 quae
1167 711 1280 745 nuper
1305 711 1327 735 a
1352 699 1495 736 Frickio
1511 699 1538 745 ι)

109 762 250 809 prolata
291 761 399 807 sunt,
449 761 493 795 ut
528 760 748 807 quaestionis
798 772 908 808 quam
950 761 1154 809 aggressuri
1195 773 1317 798 sumus
1353 763 1540 810 tamquam

108 826 251 861 firmum
275 822 548 858 fundamentum
574 822 779 868 habeamus,
817 824 1019 860 accuratius
1055 822 1291 860 examinanda
1315 825 1418 861 nobis
1443 827 1538 861 sunt.

109 887 197 922 Cum
221 884 315 921 enim
333 884 569 920 Diodorus
598 884 737 921 duobus
757 884 845 921 locis
870 885 955 921 libri
979 885 1067 920 XIII
1093 897 1123 923 c.
1149 885 1199 922 34
1224 887 1261 922 et
1285 897 1316 924 c.
1343 886 1392 924 36
1415 886 1539 923 eadem

107 948 181 984 fere
205 946 330 982 tradat
373 946 416 982 de
454 946 515 990 eis,
542 958 634 992 quae
658 946 758 983 facta
793 949 877 983 sunt
910 949 994 993 post
1018 947 1196 983 infelicem
1222 948 1456 994 expeditionis
1492 949 1538 984 ab

107 1008 383 1045 Atheniensibus
409 1009 535 1043 contra
560 1007 719 1043 Siciliam
744 1011 930 1055 susceptae
955 1009 1099 1053 exitum,
1135 1011 1172 1045 et
1196 1009 1338 1045 omnino
1365 1021 1419 1053 ea,
1446 1020 1539 1056 quae

107 1083 137 1107 c.
164 1070 312 1107 34-37
338 1071 488 1105 narrata
521 1072 624 1113 sunt,
655 1082 728 1106 non
752 1070 847 1107 iusto
874 1070 999 1107 ordine
1028 1071 1123 1106 inter
1158 1082 1195 1106 se
1219 1071 1444 1118 cohaereant,
1471 1071 1534 1107 sed

106 1132 235 1166 mirum
276 1131 314 1166 in
352 1131 498 1166 modum
523 1131 701 1176 permixta
748 1132 831 1175 sint,
864 1130 1036 1167 'Frickius
1075 1130 1132 1176 his
1172 1131 1446 1168 difficultatibus
1486 1132 1541 1168 ita

107 1194 256 1229 conatus
281 1194 336 1229 est
347 1192 492 1242 mederi,
518 1194 560 1229 ut
575 1192 807 1240 Ephorum
820 1195 996 1231 statueret
1009 1193 1209 1230 adhibitum
1238 1205 1313 1231 esse
1341 1206 1363 1230 a
1380 1194 1539 1231 Diodoro

108 1267 136 1292 c.
156 1256 338 1301 34‚1—3.
351 1255 591 1302 38‚3-—41,3
604 1282 613 1298 ,
636 1256 726 1290 The
739 1267 825 1300 opo
839 1268 980 1300 mpum
1008 1267 1038 1290 c.
1054 1256 1115 1301 36,
1144 1256 1540 1302 1—38‚2.41‚4-42,

107 1319 150 1360 4;
176 1318 212 1353 et
226 1316 263 1352 in
288 1316 338 1353 eis
356 1316 510 1363 quidem,
538 1328 630 1364 quae
652 1328 695 1353 ex
720 1316 948 1364 Theopompo
974 1319 1119 1364 sumpta
1140 1329 1215 1354 esse
1230 1319 1350 1354 censet
1363 1345 1372 1362 ‚
1400 1320 1537 1354 certam

109 1379 286 1425 quandam
308 1392 427 1415 rerum
454 1379 721 1425 dispositionem
741 1392 951 1427 cognoscere
973 1380 1043 1415 sibi
1060 1380 1214 1423 videtur,
1241 1392 1334 1425 quae
1360 1380 1396 1414 in
1422 1381 1539 1425 ipsum

114 1440 256 1475 initium
281 1439 452 1476 historiae
479 1439 637 1476 Graecae
662 1440 884 1492 Theopompi
907 1442 992 1488 apte
1016 1441 1213 1479 conveniat.

207 1514 377 1550 Primum·
404 1513 516 1560 igitur
557 1514 653 1560 quod
684 1514 866 1551 Diodorus
903 1514 959 1550 bis
999 1514 1042 1550 de
1078 1514 1128 1550 eis
1164 1514 1287 1558 refert,
1329 1526 1421 1560 quae
1455 1518 1538 1560 post

108 1576 242 1611 exitum
264 1575 497 1622 expeditionis
523 1578 648 1612 contra
673 1574 919 1625 Syracusanos
945 1577 1130 1622 susceptae
1155 1574 1254 1611 facta
1288 1577 1383 1619 sunt,
1412 1574 1542 1612 mirum

52 1660 56 1665 -
110 1649 193 1674 sane
229 1641 303 1674 est:
339 1638 401 1674 sed
432 1638 628 1674 rectissime
651 1637 879 1674 Gollmannus
895 1638 925 1683 2)
959 1640 1152 1683 utrumque
1186 1638 1304 1672 locum
1339 1649 1381 1672 ex
1417 1639 1539 1673 eodem

109 1701 253 1735 auctore
278 1700 461 1745 sumptum
486 1710 561 1734 esse
586 1699 729 1738 statuit.
786 1698 881 1735 Nam
906 1700 1049 1745 praeter
1074 1709 1263 1746 perpauca,
1289 1710 1381 1745 quae
1405 1700 1539 1735 utrius-

109 1773 177 1808 que
203 1761 331 1808 capitis
355 1760 459 1798 initio
486 1758 626 1798 diverse
650 1763 857 1806 narrantur,
882 1761 1022 1807 reliqua
1054 1760 1108 1797 ita
1132 1761 1227 1797 inter
1262 1773 1299 1797 se
1325 1764 1537 1808 congruunt,

110 1825 152 1859 ut
184 1823 223 1858 in
261 1835 291 1861 c.
326 1823 374 1860 34
406 1822 496 1857 nihil
521 1823 664 1859 omnino
700 1823 796 1869 quod
837 1823 884 1858 ad
909 1822 1005 1868 ipsas
1032 1822 1228 1858 sententias
1252 1822 1446 1870 pertineat,
1480 1822 1540 1858 vix

112 1883 253 1932 singula
282 1884 393 1921 verba
419 1883 658 1929 inveniantur,
694 1896 787 1932 quae
811 1896 883 1921 non
912 1884 1036 1920 eadem
1072 1883 1146 1920 sint
1175 1883 1213 1919 in
1252 1895 1282 1922 c.
1310 1883 1376 1921 36:
1418 1895 1542 1930 quam-

112 1957 220 1992 quam
244 1946 311 1982 hoc
320 1946 429 1991 paulo
449 1945 566 1981 minus
578 1946 805 1992 neglegenter
822 1946 994 1991 scriptum
1013 1947 1079 1982 est.
1105 1945 1255 1980 Accedit
1279 1946 1375 1990 quod
1389 1948 1543 1991 utroque

110 2007 189 2043 loco
213 2007 415 2053 respublica
438 2006 709 2043 Atheniensium
730 2007 769 2042 in
792 2018 992 2053 paucorum
1026 2007 1243 2052 potestatem
1279 2006 1437 2055 redacta,
1473 2006 1545 2043 dis-

112 2069 234 2104 cordia
258 2068 352 2104 inter
378 2068 485 2105 duces
511 2068 778 2105 Atheniensium
805 2071 897 2113 orta,
921 2069 1039 2105 clades
1064 2069 1162 2115 apud
1198 2065 1364 2114 Oropum
1397 2071 1544 2115 accepta

112 2129 165 2165 ita
189 2130 284 2166 inter
307 2142 345 2166 se
370 2130 643 2178 coniunguntur,
682 2131 785 2177 quasi
809 2131 896 2167 haec
919 2130 1017 2167 facta
1042 2130 1121 2177 ipso
1154 2142 1275 2166 rerum
1301 2129 1424 2166 ordine
1450 2130 1544 2168 inter

116 2201 154 2227 se
174 2203 307 2229 conexa
331 2192 485 2232 fuerint:
525 2192 620 2240 quod
656 2192 825 2240 quoniam
859 2204 974 2241 neque
999 2192 1097 2240 apud
1121 2191 1365 2238 Thucydidem
1389 2192 1442 2229 ita
1468 2195 1544 2229 tra·-

117 2252 226 2303 ditur,
251 2267 365 2302 neque
398 2267 463 2301 per
497 2266 534 2291 se
570 2255 644 2291 ullo
683 2255 790 2292 modo
821 2255 1013 2292 verisimile
1047 2256 1111 2298 est,
1148 2256 1299 2300 apparet
1333 2254 1544 2304 Diodorum,

203 2384 226 2426 ¹)
249 2385 305 2418 W.
328 2383 463 2423 Fricke,
494 2383 807 2426 Untersuchungen
830 2383 914 2416 iiber
942 2382 999 2416 die
1021 2381 1165 2422 Quellen
1188 2381 1248 2414 des
1270 2381 1473 2415 Plutarchos
1496 2382 1544 2414 im

113 2436 237 2471 Nikias
258 2439 330 2471 und
353 2436 565 2476 Alkibiaedes,
591 2436 729 2480 Lipsiae
753 2438 848 2478 1869,
870 2447 952 2480 pag.
976 2437 1115 2470 14—17.

203 2505 228 2543 2)
249 2505 440 2543 Gollrnann,
465 2502 508 2536 de
531 2502 670 2535 Diodori
693 2503 799 2535 Siculi
823 2502 988 2541 fontibus,
1012 2501 1148 2545 Lipsiae
1174 2502 1267 2541 1869,
1291 2512 1370 2544 pag.
1394 2503 1446 2533 23.

1420 2567 1434 2598 1
