1755 2892
890 170 915 207 8

178 310 259 334 011111
284 298 401 334 tradit
431 298 676 344 praestitisse3
717 309 782 334 nec
807 298 925 334 minus
963 309 1005 333 ex
1044 297 1205 334 oratione
1230 297 1295 334 illa
1319 298 1557 335 ostentatione
1581 297 1617 334 et

176 370 272 396 vana
296 359 341 396 de
370 371 408 396 se
444 359 714 406 praedicatione
752 360 896 407 insigni,
935 370 1046 406 quam
1072 371 1154 395 eum
1178 360 1367 396 habentem
1403 359 1491 395 facit
1513 359 1539 399 l.
1565 358 1618 394 VI

178 432 209 457 c.
238 421 385 459 16-18
399 447 408 464 ,
436 420 525 456 satis
551 422 706 467 apparet
731 432 840 467 quam
855 417 959 457 ‘male
984 420 1029 457 de
1053 432 1095 457 eo
1118 420 1308 460 existimet.
1360 420 1494 457 Contra
1520 420 1618 466 apud

178 480 283 521 Oorn.
309 482 464 528 populus
489 485 637 528 propter
662 482 793 518 falsam
825 482 863 518 in
887 482 1112 518 Alcibiadem
1137 482 1372 528 suspicionem
1393 481 1619 519 vehementer

177 543 406 589 vituperatur
441 541 558 592 (velut
582 543 639 580 1110
679 543 798 581 verbis
834 543 1119 592 „aspergebatur
1155 543 1249 579 0111111
1286 542 1460 579 infamia“
1485 554 1618 590 „quam

179 605 308 642 absens
334 605 492 643 invidiae
515 606 662 643 crimine
689 606 977 652 accusaretur“);
1011 607 1051 641 et
1083 605 1191 651 paulo
1227 606 1311 651 post
1335 606 1377 641 ut
1403 616 1484 641 011111
1508 615 1618 652 quam

179 667 334 704 maxime
370 669 534 716 excuset,
573 668 711 715 tradit,
756 679 839 703 cum
876 678 899 703 a
934 666 1072 704 civibus
1107 679 1126 703 e
1163 667 1257 704 bello
1293 669 1482 704 revocatus
1514 668 1618 715 esset,

178 728 338 774 primum
364 729 510 776 quidem
548 729 777 765 oboedienter
803 740 883 764 eum
908 728 946 764 in
970 728 1128 773 patriam
1153 728 1254 775 sequi
1277 728 1442 776 voluisse,
1481 728 1618 774 deinde,

181 801 264 826 cum
289 791 429 835 „multa
453 801 574 827 secum
599 792 786 837 reputaret
813 790 856 826 de
880 789 1120 826 immoderata
1146 789 1277 826 civium
1303 801 1448 826 suorum
1474 789 1619 826 licentia

178 852 462 898 crudelitateque
504 863 590 898 erga
627 852 801 899 nobiles“,
842 852 880 887 in
913 850 1208 895 Peloponnesum*
1231 851 1375 897 fugisse.
1426 851 1621 887 Adduntur

177 912 288 949 etiam
323 913 361 948 in
397 912 454 948 his
495 923 616 959 pauca
655 924 747 962 quae
775 924 848 949 non
880 913 965 948 sunt
997 911 1094 957 apud
1118 910 1363 958 Thucydidem
1377 924 1389 948 ι
1424 912 1524 949 velut
1548 923 1620 949 non

178 973 308 1020 capitis
333 974 450 1010 00111111
476 974 671 1009 damnatus
698 985 773 1010 0000
799 972 969 1016 traditur,
994 973 1056 1008 sed
1081 973 1191 1009 etiam
1215 973 1311 1010 bona
1335 973 1411 1009 eius
1435 973 1622 1019 publicata

181 1037 218 1071 et
252 1035 487 1081 Eumolpidas
528 1035 732 1071 sacerdotes
771 1046 794 1070 a
827 1034 960 1081 populo
999 1036 1143 1071 coactos
1182 1036 1225 1070 ut
1262 1046 1343 1070 eum
1385 1035 1619 1079 devoverent3

179 1099 370 1144 praeterea
396 1096 541 1133 Thuriis
567 1108 648 1133 eum
672 1096 830 1143 primum
850 1096 1003 1141 Elidem,
1028 1096 1111 1132 inde
1136 1096 1276 1133 Thebas
1300 1096 1442 1136 abiisse.
1492 1095 1621 1133 Omnia

179 1158 293 1206 igitur
319 1159 452 1205 quibus
489 1157 595 1196 Corn.
621 1169 644 1193 a
667 1157 767 1193 Thuc
810 1158 941 1205 differt,
977 1169 1057 1193 cum
1089 1158 1153 1193 illa
1179 1168 1288 1204 quam
1312 1169 1422 1203 supra
1445 1158 1489 1194 de
1513 1158 1620 1194 rebus

178 1220 226 1255 ab
251 1219 440 1255 Alcibiade
475 1219 586 1266 gestis
624 1218 850 1264 exposuimus
889 1219 1068 1255 sententia
1092 1219 1147 1254 110
1172 1218 1373 1262 cohaerent,
1406 1220 1450 1255 ut
1472 1218 1621 1255 dubium

178 1292 252 1317 non
287 1281 336 1317 sit
371 1280 459 1327 quin
503 1280 616 1318 Diod.
657 1291 688 1319 0.
726 1279 886 1323 37-38,
911 1280 934 1316 2
993 1281 1029 1315 et
1069 1279 1171 1319 Corn.
1212 1291 1242 1318 c.
1281 1280 1377 1317 3-5
1422 1291 1465 1315 ex
1500 1279 1620 1318 eodem

179 1344 327 1379 auctore
363 1343 514 1388 sumpta
548 1341 639 1386 sint,
687 1340 750 1388 qui
787 1342 824 1376 et
858 1340 1056 1377 Alcibiadis
1100 1340 1230 1378 merita
1272 1338 1419 1378 summis
1453 1341 1622 1378 laudibus

178 1415 368 1441 exornasse
396 1406 433 1440 et
458 1403 734 1440 Atheniensium
761 1402 979 1449 reipublicae
1004 1402 1162 1439 infensus
1188 1403 1297 1439 fuisse
1322 1403 1498 1441 videatur.

280 1466 365 1502 Jam
414 1466 446 1502 si
480 1465 717 1501 transibimus
758 1465 806 1500 ad
844 1462 1116 1500 Plutarchi
1166 1464 1296 1501 vitae
1345 1463 1618 1501 Alcibiadis

181 1539 212 1565 c.
233 1526 395 1571 24—26,
424 1526 553 1563 statim
578 1538 829 1574 cognoscemus
855 1526 1102 1563 narrationem
1128 1526 1206 1563 eius·
1237 1538 1302 1562 nec
1327 1538 1521 1574 congruere
1543 1538 1623 1563 cum

180 1587 287 1627 Diod.
317 1588 376 1625 vel
401 1588 517 1632 Corn„
545 1590 582 1624 et
607 1588 827 1624 (111111111ωο111
856 1599 932 1623 0000
957 1587 1177 1634 Thucydidi:
1202 1590 1324 1623 tamen
1346 1600 1392 1624 ne
1414 1589 1493 1635 ipso
1510 1588 1621 1629 Thuc.

181 1661 262 1687 eum
302 1651 470 1697 putemus
495 1661 601 1686 usum
627 1661 702 1686 esse
727 1661 767 1685 00
793 1649 1036 1695 prohibemur,
1071 1649 1167 1695 quod
1204 1661 1277 1686 non
1310 1650 1426 1686 solum
1451 1649 1624 1686 nonnulla

180 1711 307 1756 tradit,
344 1723 438 1759 quae
473 1723 546 1748 non
571 1711 802 1748 inveniuntur
837 1711 935 1756 apud
969 1710 1231 1757 Thucydidem,
1268 1711 1330 1747 sed
1366 1723 1411 1747 ne
1450 1711 1621 1748 iudicium

184 1773 330 1819 quidem
356 1773 432 1809 eius
460 1773 503 1809 de
527 1773 577 1809 eis
604 1784 699 1819 quae
714 1772 908 1808 memoriae
931 1772 1055 1817 prodit
1080 1783 1160 1807 cum
1185 1772 1248 1808 illo
1272 1783 1419 1818 prorsus
1443 1772 1620 1812 convenit.

184 1835 240 1871 De
264 1831 466 1871 Alcibiadis
500 1834 538 1870 in
564 1834 719 1882 Agidem
753 1833 943 1870 inimicitia
979 1832 1202 1880 Thucydides
1237 1834 1354 1870 obiter
1386 1834 1498 1871 verba
1532 1833 1621 1870 facit

178 1896 203 1934 l.
229 1895 320 1931 VIII
343 1907 372 1932 c.
399 1896 447 1932 45
484 1907 599 1941 neque
633 1906 779 1931 causam
819 1906 842 1930 a
862 1894 960 1933 Plut.
987 1896 1301 1930 commemoratam
1324 1895 1442 1933 affert.
1480 1895 1621 1931 Desunt

179 1958 372 2003 praeterea
405 1956 502 2003 apud
535 1956 658 2000 Thuc.,
694 1967 787 2003 quae
820 1955 919 1995 Plut.
945 1955 988 1991 de
1023 1956 1240 1992 auctoritate
1274 1968 1383 2008 quam
1414 1956 1621 1993 Alcibiades

180 2019 278 2066 apud
302 2019 580 2065 Tissaphernem
617 2018 686 2055 sibi
721 2018 940 2065 compararit
975 2016 1098 2054 multis
1123 2018 1242 2055 verbis
1267 2018 1433 2065 explicat.
1482 2019 1619 2055 Deinde

179 2092 272 2128 quae
297 2081 340 2117 de
372 2080 579 2128 Phrynicho
612 2082 819 2125 narrantur,
854 2080 892 2115 in
917 2079 1097 2127 plerisque
1132 2092 1280 2126 prorsus
1311 2082 1515 2128 congruunt
1539 2092 1620 2117 cum

179 2142 302 2187 Thuc.‚
329 2142 536 2188 discrepant
568 2144 690 2178 tamen
725 2152 816 2188 quae
854 2143 1179 2178 commemorantur
1209 2142 1252 2178 de
1277 2142 1457 2179 Hermone
1497 2143 1542 2189 (c.
1570 2143 1618 2181 25

180 2205 350 2248 exeunte3
405 2203 516 2243 Thuc.
557 2204 652 2240 enim
677 2203 779 2248 VIII,
813 2202 861 2240 92
895 2202 1018 2239 eadem
1061 2215 1208 2249 prorsus
1243 2215 1316 2240 non
1353 2204 1396 2241 de
1428 2204 1620 2252 Hermone,

178 2265 241 2302 sed
277 2266 321 2302 de
346 2265 468 2313 aliquo
496 2268 575 2301 τῶν
600 2260 821 2314 περιπόλων
855 2265 983 2300 narrat
1016 2265 1053 2300 et
1082 2265 1191 2310 paulo
1229 2266 1313 2311 post
1337 2265 1411 2302 alia
1435 2265 1552 2303 tradit
1575 2265 1619 2302 de

178 2327 382 2372 Hermone3
415 2328 453 2364 in
489 2339 563 2375 qua
599 2339 638 2364 re
672 2338 757 2363 sane
781 2328 904 2373 potest
928 2338 1029 2363 error
1053 2327 1240 2364 Plutarchi
1274 2327 1419 2378 latere).
1472 2327 1515 2364 In
1538 2327 1617 2373 ipso

177 2389 309 2426 iudicio
348 2390 392 2426 de
423 2389 480 2426 his
521 2390 629 2426 rebus
663 2387 808 2425 ferendo
840 2388 929 2424 haec
971 2389 1134 2425 narratio
1173 2401 1214 2426 eo
1249 2402 1273 2426 a
1311 2390 1438 2426 ceteris
1475 2389 1618 2425 differre

176 2451 331 2496 videtur,
357 2453 401 2487 ut
427 2451 532 2500 culpa
557 2463 690 2494 eorum,
725 2462 817 2499 quae
842 2450 990 2487 adverse
1015 2450 1113 2487 facta
1137 2453 1263 2496 essent,
1302 2463 1416 2499 neque
1440 2451 1479 2486 in
1503 2462 1615 2486 unum
