1755 2892
843 135 913 183 *35

169 263 389 312 Theopompi
413 260 683 305 narrationem3
724 261 844 297 omnia
877 261 971 297 enim
998 273 1091 307 quae
1115 274 1229 308 usque
1266 261 1313 297 ad
1344 261 1452 297 finem
1480 258 1611 307 capitis

172 327 407 368 exhibentur,
451 323 718 359 accuratissime
758 324 961 368 congruunt
998 335 1079 358 cum
1116 323 1278 359 Cornelio
1321 323 1437 369 (velut
1474 324 1611 358 ceteros

150 389 282 434 duces
307 398 329 421 a
353 386 462 432 vulgo
488 384 667 430 neglectos
694 395 779 426 esse,
804 383 1011 426 lacrimasse
1035 384 1194 420 homines
1218 384 1392 431 pristinae
1418 384 1610 419 calamita-

150 448 219 485 tis
245 458 430 489 memores,
458 457 539 481 cum
565 444 816 490 intellegerent
848 444 918 479 nisi
949 444 1171 490 Alcibiadem
1199 446 1237 480 in
1258 445 1403 480 exilium
1429 444 1611 480 misissent

169 509 234 545 illa
260 507 380 544 omnia
417 508 460 541 ut
497 505 701 540 acciderent
737 504 901 540 futurum
924 516 997 541 non
1029 505 1149 549 fuisse,
1186 506 1355 552 quoniam
1395 506 1471 541 eius
1498 505 1610 542 solius

169 570 303 607 auxilio
334 569 373 603 ἐκ
399 568 557 615 λυπρῶν
595 563 658 602 ἔτι
684 564 877 611 λειψάνων
907 565 969 601 καὶ
995 570 1187 602 ταπεινῶν
1222 567 1269 602 ad
1293 567 1485 604 victoriam
1509 569 1610 603 terra

174 631 338 676 marique
376 628 476 664 ducti
514 628 660 672 essent).
715 627 852 670 Quibus
886 627 1050 663 omnibus
1085 629 1339 673 comprobatur
1374 628 1611 664 Plutarchum

171 704 214 729 ex
239 691 362 728 eodem
389 686 499 736 atque
523 688 725 725 Cornelium
751 686 851 725 fonte
875 688 1045 732 hausisse,
1072 701 1186 735 neque
1211 690 1330 726 minus
1352 690 1390 725 in
1419 690 1469 726 eis
1494 690 1609 725 Theo-

170 752 294 799 pompi
321 752 365 786 de
388 751 579 800 ¹Alcibiade
605 750 783 786 sententia
810 750 1101 795 deprehenditur.

147 821 155 824 “
271 823 298 849 c.
329 812 377 849 33
416 811 504 847 ordo
543 822 679 859 rerum,
720 811 783 857 qui
819 811 953 857 optime
991 821 1027 845 se
1066 810 1175 846 habet
1215 811 1311 857 apud
1336 810 1536 847 Diodorum
1574 812 1612 846 et

170 873 383 920 Cornelium,
410 884 450 908 eo
474 872 755 918 interrumpitur
790 872 888 918 quod
922 871 1055 908 Critiae
1090 869 1274 920 ψήφισμα
1303 872 1478 915 adicitur,
1514 872 1612 917 quod

171 936 208 970 et
233 945 311 969 eam
337 934 383 969 ob
410 944 557 968 causam
583 934 620 968 et
643 932 728 979 quia
754 932 940 978 Ephorum
973 932 1147 968 eiusmodi
1182 933 1396 968 testimoniis
1421 932 1611 968 afferendis

169 995 345 1043 insignem
370 992 481 1031 fuisse
504 996 656 1039 constat,
694 1006 736 1030 ex
761 994 824 1030 illo
861 993 1113 1040 depromptum
1147 994 1301 1031 videtur.
1353 993 1483 1030 Verbis
1512 990 1611 1029 τότε

172 1055 214 1092 δὲ
239 1056 456 1092 Plutarchus
481 1056 642 1092 ordinem
661 1055 903 1102 interruptum
928 1067 1052 1092 rursus
1069 1055 1211 1101 excipit,
1238 1058 1274 1091 et
1288 1063 1392 1102 'quae
1414 1057 1613 1102 sequuntur

172 1130 244 1154 non
270 1118 386 1154 solum
414 1118 600 1163 aptissime
627 1119 830 1165 congrth
853 1129 934 1153 cum
958 1117 1118 1154 Diodoro
1146 1120 1182 1153 et
1207 1117 1381 1161 Cornelio,
1414 1118 1476 1153 sed
1502 1118 1611 1153 etiam

173 1179 350 1225 amphora
377 1181 413 1215 et
452 1179 664 1215 dilucidiora
689 1181 783 1215 sunt.
836 1179 1017 1216 Diodorus
1058 1179 1152 1215 enim
1187 1179 1414 1215 Alcibiadem
1439 1179 1613 1225 populum

175 1236 459 1289 φιλανθρώπως
494 1235 758 1277 ἀσπάσασθαι
793 1241 909 1277 tradit
942 1243 978 1277 et
1005 1238 1225 1277 defendendo
1252 1253 1288 1277 se
1318 1240 1449 1277 civium
1475 1240 1613 1276 animos

172 1302 226 1337 ita
248 1301 318 1338 sibi
348 1300 620 1349 reconciliasse,
657 1303 700 1337 ut
734 1302 809 1338 eius
836 1302 1078 1338 damnationis
1105 1314 1164 1338 eos
1190 1302 1402 1348 paeniteret,
1431 1301 1615 1338 Cornelius

176 1364 297 1398 autem
324 1363 379 1398 ita
405 1375 486 1398 eum
511 1363 683 1399 locutum·
697 1375 790 1407 esse,
825 1365 868 1399 ut
896 1358 1008 1400 ‘nemo
1040 1365 1118 1399 tam
1153 1364 1250 1399 ferus
1275 1363 1397 1407 fuerit,
1423 1362 1512 1409 quin
1538 1362 1613 1398 eius

174 1434 260 1459 casu
285 1423 535 1468 illacrimaret,
552 1470 557 1475 Ι
574 1424 675 1475 „solus
709 1422 929 1461 Plutarchus
954 1426 1181 1462 accuratiora
1206 1425 1249 1461 de
1289 1424 1452 1461 oratione
1490 1425 1537 1460 ab
1572 1436 1613 1460 eo

173 1484 301 1520 habita
326 1486 520 1521 memoriae
536 1486 729 1531 prodidit:
758 1486 916 1532 primum
951 1487 1063 1534 igitur
1100 1499 1181 1523 eum
1205 1487 1284 1522 fata
1307 1497 1373 1522 sua
1386 1477 1612 1532 deplorasse,

155 1548 295 1582 'tamen
320 1547 453 1593 populo
479 1559 552 1583 non
589 1548 706 1583 multa
742 1549 986 1594 exprobrasse,
1024 1548 1087 1584 sed
1124 1548 1244 1584 omnia
1279 1548 1430 1585 adverso
1468 1545 1544 1583 fato
1580 1548 1616 1582 et

174 1607 330 1644 numinis
374 1606 530 1645 invidiae
565 1609 794 1653 attribuisse;
844 1621 917 1656 qua
952 1610 1061 1645 animi
1096 1609 1345 1645 moderatione
1384 1620 1426 1644 ac
1465 1608 1614 1650 lenitate

175 1671 397 1715 quantopere
421 1670 607 1707 hominum
630 1671 740 1706 animi
765 1672 935 1708 commoti
960 1673 1033 1709 sint
1056 1671 1162 1707 facile
1187 1671 1348 1717 intellegi
1372 1672 1505 1718 potest,
1533 1682 1614 1705 cum

172 1730 388 1775 praesertim
409 1731 483 1767 iam
508 1733 616 1767 antea
648 1731 907 1769 intellexissent
942 1745 1015 1769 non
1054 1732 1235 1769 Alcibiadi
1274 1731 1338 1767 sed
1368 1731 1438 1767 sibi
1473 1731 1616 1778 culpam

172 1791 403 1829 tribuendam
426 1805 522 1837 esse;
566 1792 693 1830 deinde
730 1794 949 1832 Plutarchus
987 1795 1105 1831 tradit
1139 1794 1366 1830 Alcibiadem
1404 1795 1447 1829 ut
1483 1794 1617 1830 bonum

174 1950 219 1974 ne
241 1941 429 1975 verisimile
452 1942 594 1984 quidem
617 1953 699 1981 esse,
721 1942 813 1976 idem
832 1943 935 1977 affert
958 1942 1050 1985 quod
1062 1943 1211 1985 legimus
1235 1942 1328 1985 apud
1347 1941 1618 1984 Xenophontem

175 2005 203 2027 c.
226 1995 257 2035 4,
283 1996 345 2035 18;
369 1996 489 2038 itaque
512 1996 617 2029 nimis
640 1996 824 2030 artificiose
839 1997 1019 2031 Plutarchi
1040 1997 1146 2031 verba
1159 1996 1386 2040 interpretari
1404 2006 1616 2038 cogeremur,

175 2049 243 2083 nisi
265 2050 379 2093 ipsum
401 2050 671 2094 Xenophontem
708 2051 773 2085 hoc
814 2052 887 2085 loco
911 2063 932 2085 a
954 2052 1142 2086 Plutarcho
1172 2052 1369 2095 inspectum
1401 2061 1474 2084 esse
1496 2061 1617 2084 conce-

175 2103 343 2138 deremus.
388 2105 510 2147 Neque
533 2106 653 2138 tamen
675 2105 757 2138 inde
791 2105 948 2147 sequitur
978 2106 1095 2139 omnia
1129 2117 1217 2148 quae
1240 2106 1465 2148 Xenophonti
1488 2105 1618 2137 similia

175 2157 247 2191 sint
269 2169 311 2192 ex
334 2159 409 2202 ipso
432 2159 662 2202 Xenophonte
685 2160 824 2203 sumpta
848 2170 920 2193 esse
933 2173 941 2200 ;
971 2171 1085 2204 neque
1118 2161 1192 2193 ulla
1226 2170 1328 2194 causa
1362 2161 1415 2193 est
1449 2170 1510 2193 cur
1540 2170 1620 2193 cum

176 2212 241 2246 Ηιι
254 2213 337 2256 gio
372 2214 445 2256 (qui
467 2214 560 2247 hunc
590 2214 705 2257 ipsum
728 2215 843 2248 locum
877 2215 980 2249 affert
1002 2217 1027 2249 1.
1050 2227 1076 2249 s.
1100 2217 1140 2257 c.)
1185 2215 1410 2248 Plutarchum
1432 2214 1620 2257 praecipue

176 2266 445 2310 Xenophontem
468 2269 504 2301 et
526 2269 798 2311 Theopompum,
836 2269 950 2302 minus
984 2270 1159 2311 Ephorum
1189 2269 1225 2301 et
1265 2268 1431 2301 Duridem
1463 2269 1622 2301 secutum

177 2330 249 2355 esse
273 2321 474 2365 opinemur:
498 2333 576 2355 cum
599 2322 693 2356 enim
716 2323 781 2357 hoc
804 2323 880 2357 loco
898 2323 1140 2367 Theopompus
1164 2323 1200 2356 et
1216 2322 1372 2365 Ephorus
1396 2322 1493 2366 prius
1509 2322 1622 2355 nomi-

176 2377 304 2409 nentur
327 2387 433 2419 quam
453 2377 659 2420 Xenophon,
683 2378 757 2411 veri
780 2379 833 2411 est
855 2378 1003 2411 similius
1027 2389 1106 2412 eum
1130 2377 1315 2421 praecipue
1338 2378 1427 2418 illos,
1450 2378 1488 2410 in
1504 2378 1623 2420 paucis

176 2428 442 2474 Xenophontem
482 2433 518 2465 et
550 2432 718 2467 Duridem
755 2432 976 2473 adhibuisse,
1030 2432 1265 2476 Xenophonte
1305 2434 1425 2466 autem
1461 2433 1516 2466 uti
1549 2443 1626 2466 eam

1538 2495 1579 2529 3·
