1755 2892
875 159 926 196 42

271 286 453 323 Diodorus
478 287 593 335 igitur
630 287 857 324 Alcibiadem
882 299 955 324 non
997 289 1148 334 propter
1190 289 1304 325 solam
1343 288 1444 324 illam
1479 287 1619 324 cladem

169 349 216 384 ad
242 348 394 385 Notium
419 351 615 395 acceptam,
643 349 705 385 sed
731 349 886 385 maxime
909 351 1059 396 propter
1086 349 1328 397 Cymaeorum
1351 348 1616 401 accusationem

169 412 206 447 et
233 409 523 448 adversariorum
558 411 633 447 eius
674 411 873 448 calumnias
898 411 945 447 ab
977 410 1128 457 imperio
1167 414 1347 447 remotum
1371 422 1446 447 esse
1472 411 1613 454 censet3

168 472 335 510 similiter
376 472 652 510 Cornelius
684 474 777 513 Alc.
805 486 834 512 c.
862 474 884 511 7
910 484 1033 520 pugna
1072 473 1119 509 ad
1155 473 1306 509 Notium
1343 472 1444 509 facta
1466 470 1616 521 'omissa

166 534 282 570 solam
296 534 489 580 Cymaeam
516 535 655 570 cladem
677 536 952 578 commemorat;
981 536 1023 570 ut
1037 534 1230 570 verisimile
1255 534 1303 570 sit
1317 546 1398 570 eum
1424 545 1466 570 ex
1489 533 1613 570 eodem

165 595 266 632 fonte
290 596 464 636 hausisse.
516 596 587 632 Sed
628 589 774 634 omnino
811 596 996 633 Cornelius
1009 624 1017 640 ,
1072 607 1291 643 quamquam
1325 595 1485 642 plurima
1523 606 1616 642 quae
1676 610 1682 613 ·

167 657 349 693 Diodorus
374 657 529 693 tradidit
555 658 677 694 omisit
703 660 739 693 et
763 658 937 693 nonnulla
963 669 1056 705 quae
1070 658 1167 704 apud
1193 657 1295 692 illum
1309 657 1441 693 desunt
1463 656 1614 712 addidit,

167 722 290 755 tamen
332 719 371 754 in
409 719 497 765 ipsis
536 720 643 755 rebus
684 719 795 766 gestis
839 715 1159 755 commemorandis
1199 731 1280 755 cum
1318 719 1381 754 illo
1424 718 1611 756 consentit.

166 780 278 816 Velut
316 780 414 826 quod
453 780 638 816 Cornelius
674 781 791 816 tradit
828 781 1063 816 Athenienses
1110 780 1279 816 metuisse
1321 791 1365 815 ne
1406 779 1613 815 Alcibiades

165 841 359 877 Persarum
398 842 532 878 auxilio
558 842 787 887 tyrannidem
814 842 883 878 sibi
907 842 1156 878 vindicaturus
1184 842 1287 885 esset,
1317 841 1363 876 ad
1377 839 1612 877 adversario-

165 915 247 938 rum
273 902 355 939 illas
382 903 580 939 calumnias
618 906 781 950 spectare
808 905 970 950 apparet,
1008 914 1161 950 quarum
1188 902 1369 938 Diodorus
1394 902 1613 939 mentionem

164 964 262 1001 facit.
316 965 510 1001 Praeterea
524 965 620 1011 quod
642 965 826 1002 Cornelius
851 965 967 1001 tradit
981 965 1173 1011 imperium
1187 964 1369 1000 Alcibiadi
1393 955 1613 1016 abrogatum

166 1026 214 1061 ad
239 1038 264 1061 u
278 1038 386 1061 num
412 1027 524 1062 alium
550 1027 711 1062 delatum
746 1038 831 1070 esse,
858 1027 918 1063 vix
951 1027 1112 1074 intellegi
1138 1029 1271 1073 posset,
1307 1027 1377 1062 nisi
1403 1026 1499 1072 apud
1525 1025 1612 1062 Dio-

166 1086 295 1123 dorum
314 1087 409 1123 inter
435 1088 556 1124 decem
583 1085 665 1124 illos
683 1087 789 1124 duces
813 1088 970 1134 primum
982 1088 1101 1125 locum
1116 1087 1273 1125 tenuisse
1293 1087 1414 1124 Conon
1433 1087 1612 1123 diceretur

167 1145 205 1195 (ὁ
226 1147 346 1197 δῆμος
377 1147 469 1184 δέκα
499 1146 746 1197 στρατηγούς
775 1146 898 1186 εἵλετο
917 1179 926 1188 .
996 1176 1004 1185 .
1041 1150 1091 1185 ἐκ
1120 1148 1170 1185 δὲ
1197 1145 1383 1186 τούτων
1408 1146 1612 1197 προκρί-

165 1222 223 1246 να
237 1221 254 1251 ς
295 1210 330 1245 Κ
346 1206 435 1246 όνω
449 1223 469 1247 ν
483 1223 510 1246 α
548 1209 697 1259 ταχέως
724 1206 910 1258 ἐξέπεμψε
949 1208 1040 1259 παρ’
1073 1208 1317 1258 Ἀλκιβιάδου
1345 1206 1396 1245 τό
1428 1204 1612 1246 ναυτικόν

165 1267 534 1319 παραληψόμενον).
602 1271 725 1306 Etiam
782 1282 822 1306 eo
869 1270 1054 1307 Cornelius
1105 1282 1185 1306 cum
1231 1270 1390 1306 Diodoro
1434 1268 1611 1316 congruit,
1634 1266 1641 1270 ’

163 1330 261 1378 quod
293 1343 374 1367 eum
413 1332 529 1369 tradit
556 1329 719 1379 Pactyen
746 1344 783 1369 se
826 1332 1030 1371 contulisse.
1084 1332 1221 1369 Deinde
1262 1334 1382 1368 autem
1409 1343 1490 1368 cum
1516 1330 1614 1378 apud

163 1393 363 1429 Diodorum
404 1405 582 1440 quaenam
623 1394 781 1430 auctoris
833 1394 876 1430 de
910 1389 1111 1430 Alcibiadis
1149 1393 1256 1440 culpa
1293 1392 1403 1429 fuerit
1436 1392 1614 1429 sententia

162 1466 235 1491 non
273 1455 362 1491 satis
397 1456 545 1502 liqueat,
584 1456 746 1502 apertius
792 1468 870 1492 eam
909 1457 993 1492 lieet
1044 1456 1248 1503 perspicere
1288 1455 1421 1492 collata
1459 1454 1614 1491 Cornelii

162 1516 383 1560 narratione,
410 1517 473 1563 qui
497 1517 662 1562 pluribus
701 1518 859 1563 exponit,
902 1518 1081 1563 quomodo
1119 1515 1257 1553 factum
1290 1517 1339 1552 sit
1376 1519 1419 1552 ut
1457 1516 1613 1562 populus

162 1575 438 1613 Atheniensium
465 1578 512 1614 ab
523 1565 737 1615 Alcibiadis'
752 1578 940 1616 voluntate
968 1578 1183 1618 deflecteret.
1238 1578 1354 1622 Quam
1367 1576 1613 1621 narrationem

163 1639 210 1673 ad
237 1639 267 1673 T
280 1639 304 1673 h
315 1650 333 1674 e
345 1650 366 1674 0
377 1651 401 1685 p
412 1650 432 1674 o
441 1651 476 1674 m
487 1639 538 1685 pi
564 1640 608 1675 de
635 1639 822 1675 Alcibiade
838 1640 1052 1676 sententiam
1075 1642 1238 1686 spectare
1256 1638 1418 1686 apparet.
1447 1636 1612 1675 Primum

163 1700 258 1737 enim
284 1701 381 1748 quod
405 1703 534 1737 narrat
558 1701 652 1737 cives
678 1701 842 1737 timuisse
869 1713 916 1746 „n
930 1713 949 1737 e
981 1713 997 1737 s
1008 1713 1026 1737 e
1040 1713 1058 1738 c
1072 1713 1096 1737 u
1109 1714 1133 1737 n
1146 1702 1168 1738 d
1180 1713 1203 1738 a
1233 1702 1251 1737 f
1263 1714 1283 1738 0
1298 1714 1318 1737 1·
1329 1703 1380 1738 tu
1392 1713 1447 1737 na
1487 1712 1557 1737 ma
1570 1713 1610 1748 g-

162 1762 240 1798 nis
258 1774 350 1808 que
393 1762 575 1808 opibus
632 1763 801 1798 elatus
840 1763 1157 1809 tyrannidem
1204 1763 1609 1809 concupisceret“,

162 1824 432 1861 accuratissime
470 1824 648 1861 consentit
685 1836 766 1860 cum
792 1824 856 1860 illa
891 1837 1000 1871 quam
1039 1825 1181 1872 saepius
1206 1825 1244 1861 in
1270 1824 1491 1871 Theopompi
1516 1824 1609 1861 rela-
1643 1855 1648 1858 .

160 1886 257 1922 tione
296 1886 497 1922 invenimus
540 1886 735 1929 sententia,
762 1886 870 1922 -cives
910 1887 941 1921 ei
982 1890 1130 1933 propter
1169 1887 1287 1933 ipsam
1321 1886 1608 1933 magnitudinem

159 1947 291 1995 ingenii
319 1959 391 1983 non
417 1947 506 1984 satis
530 1947 682 1984 confisos
709 1959 918 1994 esse,>quae
945 1948 1042 1995 apud
1059 1948 1179 1995 ipsum
1197 1948 1400 1985 Cornelium
1417 1942 1630 1994 exponitur*

160 2020 189 2047 c.
218 2010 254 2047 4.
307 2008 446 2045 Deinde
467 2011 588 2045 autem
615 2021 696 2045 cum
721 2009 825 2045 initio
851 2009 1020 2045 tradatur
1047 2021 1088 2046 eo
1112 2010 1210 2056 quod
1234 2009 1357 2046 nihil
1393 2022 1490 2046 eum
1518 2022 1609 2046 non

160 2068 375 2106 efficere
399 2064 539 2116 posse
567 2070 848 2106 duxissent
873 2070 1044 2115 homines,
1072 2070 1211 2107 factum
1230 2083 1315 2116 esse,
1345 2074 1422 2116 „ut
1448 2071 1607 2107 omnia

159 2132 265 2168 min
283 2144 334 2168 us
369 2144 622 2179 prospere
657 2135 801 2180 gesta
837 2133 1016 2179 culpae
1049 2134 1339 2178 tribuerent,
1382 2146 1489 2170 eum
1524 2135 1607 2170 aut

159 2205 267 2229 eum
301 2195 653 2241 neglegenter
693 2196 783 2230 aut
823 2194 1086 2231 malitiose
1128 2195 1308 2231 fecisse
1343 2195 1605 2242 loqueren-

156 2257 174 2291 t
188 2254 279 2301 ur“,
310 2255 466 2292 efficitur
492 2258 680 2292 auctorem
705 2255 743 2291 id
767 2258 958 2301 spectasse,
996 2258 1038 2292 ut
1064 2248 1269 2293 Alcibiades
1305 2269 1415 2304 quam
1444 2257 1603 2293 'maxime

158 2319 412 2361 excusaretur3
451 2329 493 2353 ea
523 2317 617 2352 enim
644 2317 804 2354 auctoris
833 2317 953 2362 opinio
980 2319 1045 2361 est,
1071 2329 1110 2353 re
1138 2329 1224 2354 vera
1251 2318 1353 2353 illum
1393 2320 1472 2354 tum
1506 2331 1531 2354 n
1545 2330 1565 2355 ο
1581 2331 1606 2354 11

157 2390 181 2424 p
193 2378 362 2415 otuisse
379 2380 495 2427 magis
508 2391 722 2426 prosperum
748 2382 916 2416 eventum
934 2380 1103 2426 consequi
1118 2392 1126 2419 z
1144 2380 1240 2426 quod
1267 2391 1376 2427 quam
1396 2380 1442 2416 ob
1459 2390 1605 2417 causam

155 2451 227 2476 non
251 2441 413 2486 potuerit
450 2441 555 2478 facile
591 2441 820 2490 intellegetur
855 2442 885 2478 si
917 2453 1045 2478 eorum
1077 2442 1347 2480 reminiscemur
1371 2453 1464 2490 quae
1489 2441 1604 2481 Theo-
