1755 2892
861 151 912 191 34

157 271 302 309 ruinam
324 271 443 308 moliti
466 283 543 308 esse
562 270 770 313 traduntur,
788 270 994 317 populares.
1031 269 1241 316 Sequuntur
1259 269 1437 316 quaedam
1450 270 1495 307 de
1506 271 1605 309 Alci-

157 334 275 369 biadis
301 334 462 370 moribus
490 335 526 368 et
552 334 695 380 ingenio
723 333 855 368 similia
881 332 932 368 eis
968 343 1060 378 quae
1096 342 1126 366 c.
1152 332 1199 368 37
1236 330 1417 378 leguntur.
1469 333 1606 369 Deinde

155 395 274 431 tradit
297 395 404 431 simul
431 406 511 431 cum
531 394 718 430 Alcibiade
747 405 869 429 omnes
896 393 1118 429 existimasse
1142 393 1259 439 ipsam
1279 394 1464 429 fortunam
1489 394 1606 440 reipu-

155 456 272 491 blicae
310 456 469 502 rediisse,
510 458 546 490 et
579 456 672 490 sicut
698 455 972 490 Lacedaemonii
1010 455 1085 490 eius
1121 455 1255 490 auxilio
1287 454 1488 499 superiores
1511 455 1606 491 bello

155 516 320 563 fuissent,
348 516 398 551 sic
425 528 484 551 eos
509 527 671 561 sperasse
697 515 794 561 ipsos
810 526 851 550 eo
874 515 1039 550 adiutore
1057 526 1182 550 rursus
1203 526 1240 550 se
1258 516 1477 559 recepturos.
1518 515 1627 562 Dio-b

155 578 266 614 dorus
280 578 394 624 igitur
417 578 527 613 etiam
548 577 753 613 accuratius
776 577 925 622 respicit
948 577 995 612 ad
1022 577 1123 612 illam
1145 576 1371 620 sententiam,
1396 588 1489 623 quae
1507 578 1605 623 apud

156 638 363 674 Cornelium
392 649 419 675 c.
448 640 482 681 4,
512 640 534 675 5
563 641 599 673 et
633 639 752 683 ipsum
779 638 979 673 Diodorum
1005 649 1034 675 c.
1064 639 1110 675 37
1145 640 1333 684 tamquam
1360 649 1500 673 summa
1522 631 1604 675 χοιῐι-

154 700 256 735 nium
280 699 469 745 proposita
495 701 549 735 est
576 700 629 748 (in
656 711 727 746 quo
751 699 833 745 ipsa
858 699 970 735 verba
984 699 1135 735 Diodori
1161 695 1291 747 ὥσπερ
1307 697 1604 748 Λακεδαιμόνιοι

154 759 310 797 τούτου
338 758 693 807 συναγωνιζοαένου
723 758 960 808 ἐπροτέρουν
986 760 1119 796 similia
1144 762 1229 795 sunt
1254 759 1417 795 Cornelio
1444 771 1474 798 c.
1502 761 1536 804 4,
1564 762 1601 808 7,

155 833 227 868 quo
252 819 350 857 facto
374 821 489 856 multo
517 821 717 867 superiores
739 822 834 857 bello
849 833 923 857 esse
951 823 1171 867 coeperunt).
1224 821 1267 855 In
1286 821 1450 857 contione
1477 821 1604 858 deinde

153 884 339 919 narranda
377 883 475 928 apud
520 883 722 919 Diodorum
754 883 887 930 legitur
936 883 993 923 (id
1029 883 1126 928 quod
1168 881 1351 918 Cornelius
1383 882 1458 917 iam
1496 885 1605 920 antea

155 944 297 989 attufit)
324 944 561 979 Athenienses
589 944 767 979 confessos
795 955 870 979 esse
903 940 974 985 τήν
999 939 1116 978 πόλιν
1144 941 1279 978 αἰτίαν
1306 940 1496 989 γεγονέναι
1522 947 1601 979 τοῖν
1641 986 1650 989 μ

153 1003 241 1041 κατ’
273 1003 414 1042 ἐκείνου
451 1002 729 1054 ψηφισμάτων.
781 1005 879 1048 Quae
919 1004 1103 1040 adduntur
1143 1005 1186 1040 de
1217 1004 1405 1040 Alcibiade
1432 1004 1602 1042 restituto

152 1079 302 1113 prorsus
341 1067 571 1103 consentiunt
614 1079 695 1102 cmn
732 1067 919 1114 Cornelio,
960 1067 1061 1102 cuius
1100 1066 1220 1102 verbis
1261 1078 1365 1113 „cum
1411 1067 1443 1102 ei
1481 1079 1602 1104 omnes

153 1131 273 1164 essent
320 1128 473 1164 honores
529 1128 686 1164 decreti“
739 1128 1008 1164 accuratissime
1050 1128 1267 1173 respondent
1317 1128 1405 1164 haec
1451 1128 1603 1165 Diodori
1629 1142 1637 1146 ·

154 1185 319 1243 οἲπᾷσας
340 1185 415 1231 τοὶς
440 1185 618 1237 δυνάμεις
644 1188 877 1237 ἐνεχείρισαν
899 1188 1024 1238 αὐτῷ.
1080 1189 1381 1235 Tamen‘apparet
1397 1190 1464 1226 hoc
1486 1190 1603 1226 solum

153 1250 201 1285 ad
228 1250 315 1286 belli
341 1250 534 1296 imperium
557 1250 783 1286 referendum
815 1262 900 1294 esse,
927 1253 969 1286 ut
994 1250 1084 1286 illud
1112 1251 1210 1297 quod
1249 1251 1365 1287 tradit
1405 1250 1602 1300 Cornelius,

152 1311 184 1347 ei
211 1313 352 1359 „totam
378 1312 638 1358 rempublicam
664 1312 760 1347 domi
797 1312 977 1358 bellique“
1013 1312 1191 1347 traditam
1225 1324 1311 1356 esse,
1346 1324 1419 1348 non
1443 1314 1539 1348 recte
1564 1325 1602 1349 se

150 1373 283 1408 habere
314 1375 593 1408 consentaneum
620 1373 679 1410 sit.
731 1373 774 1407 In
809 1373 940 1408 ducum
974 1373 1178 1408 nominibus
1206 1373 1395 1409 afferendis
1420 1374 1601 1410 Diodorus

153 1433 338 1480 discrepat
362 1446 384 1470 a
410 1434 659 1481 Xenophonte,
689 1434 868 1471 consentit
893 1445 974 1470 cum
1002 1433 1175 1471 Cornelio.

232 1495 306 1537 *Ea
332 1507 425 1542 quae
445 1496 718 1531 Plutarchus
742 1507 772 1533 c.
795 1497 868 1537 32,
892 1496 948 1532 33
973 1496 1098 1539 refert,
1126 1494 1290 1531 Frickius
1315 1508 1388 1531 una
1415 1508 1497 1531 cum
1520 1498 1602 1532 tota

150 1556 226 1592 eius
265 1557 363 1593 vitae
397 1559 502 1602 parte
542 1557 625 1592 inde
669 1569 691 1592 a
730 1569 760 1596 c.
791 1558 837 1594 18
864 1557 910 1592 ad
938 1557 985 1594 37
1025 1559 1171 1603 praeter
1206 1557 1349 1604 singula
1390 1570 1433 1594 ex
1466 1558 1602 1593 Duride

150 1619 298 1663 sumpta
337 1618 375 1653 in
410 1630 440 1657 c.
468 1619 516 1655 23
544 1620 581 1653 et
615 1619 663 1654 32
703 1618 907 1663 Ephoro
947 1618 1105 1662 tribuit3
1150 1618 1214 1654 sed
1253 1619 1326 1653 iam
1365 1618 1469 1655 initio
1493 1630 1524 1657 c.
1552 1619 1600 1656 32

150 1678 215 1714 Th
228 1691 246 1715 e
260 1691 317 1725 op
330 1691 397 1715 om
410 1680 459 1725 pi
482 1680 731 1715 narrationem
758 1680 814 1733 ab·
844 1692 884 1715 eo
913 1680 1115 1721 adhibitam
1149 1692 1225 1716 esse
1251 1692 1292 1716 eo
1318 1680 1510 1716 verisimile
1535 1682 1602 1728 est,

153 1740 251 1786 quod
262 1741 305 1776 de
319 1741 474 1777 navibus
491 1741 601 1776 armis
628 1747 664 1776 et
690 1741 826 1787 praeda
851 1741 1031 1777 exornatis
1057 1741 1184 1789 tradit,
1210 1741 1369 1788 itemque
1393 1742 1466 1779 illis
1481 1742 1601 1778 verbis

149 1798 342 1844 νενικηκώς
369 1799 466 1845 τούς
484 1801 694 1851 πολεμίους
710 1800 970 1850 τοσαυτάκις,
996 1815 1089 1849 quae
1102 1803 1371 1839 accuratissime
1385 1804 1602 1840 conveniunt

150 1874 233 1898 cum
259 1863 411 1899 Diodori
437 1864 557 1900 verbis
584 1861 716 1900 πολλοὶ
735 1863 799 1898 καὶ
829 1862 978 1912 μεγάλα
1005 1862 1327 1912 κατειργασμένοι
1350 1866 1402 1913 τῇ
1419 1863 1599 1917 πατρίᾷι·

149 1926 345 1971 utrumque
371 1925 465 1960 enim
491 1927 618 1961 natum
658 1925 803 1961 videtur
828 1937 904 1961 esse
931 1937 974 1960 ex
1000 1925 1175 1971 ampliore
1202 1926 1401 1962 Alcibiadis
1427 1926 1597 1963 victoria-

148 1998 233 2021 rum
251 1986 519 2021 enumeratione
537 1987 654 2032 qualis
674 1989 774 2022 extat
795 1987 892 2032 apud
907 1986 1121 2025 Cornelium,
1140 1987 1291 2022 Praeter
1306 1999 1415 2023 naves
1436 1988 1599 2033 captivas

148 2047 368 2083 Plutarchus
409 2047 520 2083 etiam
558 2049 665 2094 plura
699 2046 944 2096 ἀκροστόλια
982 2048 1182 2084 deletarum
1206 2052 1464 2086 commemorat
1486 2061 1599 2097 eaque

148 2111 279 2145 cuncta
317 2109 473 2144 ducenta
507 2109 617 2145 fuisse
644 2111 732 2145 dicit
771 2112 858 2155 (non
899 2110 981 2145 illas
1015 2111 1126 2154 solas,
1168 2113 1210 2146 ut
1242 2112 1359 2147 tradit
1396 2112 1598 2156 Diodorus3

147 2171 305 2205 ceterum
330 2169 410 2215 ipsa
427 2171 539 2206 verba
567 2168 641 2207 οὐκ
665 2169 859 2212 ἐλάττους
886 2169 1094 2206 διακοσίων
1119 2183 1268 2217 prorsus
1289 2175 1492 2220 congruunt
1518 2185 1599 2209 cum

146 2232 237 2277 illo).
275 2231 413 2267 Deinde
435 2232 656 2268 incredibilis
682 2233 860 2279 quaedam
886 2232 1088 2269 Duridis
1112 2234 1286 2270 memoria
1308 2235 1341 2270 X
1355 2247 1439 2271 eno
1453 2247 1477 2280 p
1493 2235 1598 2271 hon-

147 2292 222 2327 tis
263 2292 469 2328 testimonio
508 2293 690 2328 refutatur
704 2293 744 2338 l).
800 2293 870 2328 Sed
911 2292 1038 2327 statim
1071 2293 1289 2330 Plutarchus
1328 2295 1524 2331 revertitur
1550 2296 1597 2331 ad

174 2412 189 2429 „
238 2388 261 2427 ¹)
284 2387 406 2428 Neque
429 2387 523 2420 enim
546 2387 608 2419 Th
623 2398 744 2430 eopo
759 2398 793 2419 m
808 2398 912 2430 pum
935 2397 1049 2428 neque
1071 2388 1133 2430 Ep
1149 2387 1317 2421 horum
1340 2400 1453 2431 neque
1468 2371 1635 2424 Xeno-¹-

147 2440 207 2483 ph
220 2451 239 2474 o
252 2442 379 2474 ntem
403 2440 468 2474 hoc
491 2441 677 2475 tradidisse
700 2441 787 2475 dicit
810 2440 1029 2482 Plutarchus,
1053 2442 1256 2485 statimque,
1293 2444 1334 2477 ut
1356 2444 1597 2487 comprobaret
