1755 2892
871 181 922 223 14

163 313 308 351 videtur
333 313 420 360 quin
446 324 488 350 ex
513 312 638 350 eodem
664 313 841 364 scriptore
867 314 1011 360 sumpta
1037 312 1096 361 sit,
1122 325 1194 361 quo
1218 314 1323 353 Corn.
1338 325 1369 353 c.
1397 314 1418 351 3
1433 311 1494 351 -5
1519 324 1604 350 usus

165 378 231 415 est.
283 376 386 419 Quod
414 376 606 422 quominus
633 375 684 411 sic
701 377 905 412 statuamus
929 386 1004 411 non
1016 374 1232 420 impedimur
1255 387 1296 411 eo
1320 374 1417 422 quod
1437 373 1604 411 Frlckius

164 436 353 473 Plutarchi
386 436 598 473 relationem
636 436 800 473 Cornelio
837 448 908 473 non
942 433 1094 472 similem
1132 447 1208 473 esse
1242 436 1342 476 dicit,
1394 435 1490 472 Nam
1516 436 1605 472 duos

163 498 357 545 scriptores
393 498 534 535 etiamsi
576 499 699 535 eodem
735 499 791 535 usi
833 499 906 535 sint
930 500 1095 541 auctore,
1130 509 1201 534 non
1241 498 1405 534 omnibus
1440 497 1528 533 locis
1567 497 1605 532 in

163 560 314 606 singulis
339 559 540 596 simillimos
566 571 644 596 esse
657 588 667 607 ,
694 560 887 597 dummodo
912 572 958 596 ne
985 560 1127 596 diversa
1151 559 1246 595 inter
1270 571 1307 595 se
1331 559 1490 602 tradant,
1518 558 1605 604 quid

164 623 219 657 est
256 621 353 667 quod
387 621 581 657 miremur?
633 620 732 661 Plut,
774 623 896 657 autem
943 622 981 657 in
1027 622 1094 657 hac
1138 621 1347 657 narratione
1381 632 1453 656 non
1489 620 1605 655 solum

165 682 335 729 congruit
389 694 470 718 cum
525 682 628 720 Corn.
684 682 722 717 in
771 683 952 718 nonnullis
1001 683 1048 718 ad
1095 682 1242 718 verbum
1288 693 1403 728 neque
1452 691 1605 728 usquam

165 744 212 779 ab
245 755 286 779 eo
325 743 507 787 abhorret,
553 743 631 786 sed,
680 743 777 790 quod
802 744 949 779 maximi
971 744 1141 780 momenti
1166 745 1231 787 est,
1259 743 1297 779 in
1322 743 1400 789 ipso
1432 743 1475 779 de
1498 743 1604 779 rebus

166 805 298 841 iudicio
325 803 593 841 accuratissime
619 816 700 840 cum
736 817 776 841 eo
802 805 1003 849 consentit3
1037 807 1230 852 utrumque
1259 805 1351 841 enim
1378 816 1488 851 supra
1512 804 1603 841 vidi-

167 879 247 904 mus
282 869 318 903 et
358 867 581 903 Alcibiadem
630 864 841 914 plerumque
878 868 1045 904 laudibus
1080 868 1204 904 efferre
1235 869 1272 904 et
1310 879 1419 914 quam
1453 866 1606 903 maxime

168 941 336 966 excusare
363 931 399 965 et
424 929 557 975 populo
585 929 859 965 Atheniensium
884 932 1001 965 totam
1028 930 1172 975 culpam
1196 930 1371 965 tribuere:
1412 929 1450 964 in
1476 928 1606 974 quibus

167 991 274 1026 rebus
301 993 337 1026 et
363 990 471 1029 Diod.
500 992 537 1025 et
562 990 658 1029 Just.
682 1001 829 1036 prorsus
855 991 902 1026 ab
928 990 998 1027 illis
1025 991 1251 1030 dissentiunt.
1305 991 1469 1038 Apparet
1494 989 1606 1037 igitur

168 1052 353 1089 Frickium
396 1052 511 1088 solam
549 1062 629 1087 eam
672 1052 720 1088 ob
761 1064 906 1088 causam
944 1043 1133 1089 Plutarchi
1180 1053 1424 1089 narrationem
1461 1051 1605 1098 Ephoro

167 1113 292 1162 (quem
318 1125 340 1149 a
365 1113 472 1151 Diod.
501 1115 537 1149 et
561 1113 656 1149 Just.
685 1113 887 1149 adhibitum
926 1126 1002 1151 esse
1032 1118 1069 1151 et
1101 1113 1161 1151 ille
1193 1114 1325 1150 statuit
1361 1116 1397 1149 et
1422 1125 1486 1150 nos
1510 1112 1606 1148 infra

167 1177 414 1213 demonstrare
453 1175 677 1221 conabimur)
717 1176 938 1224 vindicasse,
982 1177 1067 1223 quia
1105 1174 1305 1223 Thucydidi
1349 1176 1387 1211 in
1426 1174 1606 1211 nonnullis

169 1237 357 1274 simillima
401 1238 475 1280 est,
516 1248 623 1283 quem
660 1238 697 1272 et
745 1237 907 1274 Frickius
955 1240 992 1274 et
1037 1238 1265 1275 Oollmannus
1305 1237 1511 1274 existimant
1559 1235 1605 1271 ab

169 1299 270 1345 Eph
285 1310 367 1335 oro
393 1299 431 1334 in
456 1298 550 1334 bello
577 1298 878 1344 Peloponnesiaco
906 1299 1137 1336 describendo
1150 1299 1377 1345 potissimum
1404 1297 1606 1334 adhibitum

169 1372 257 1398 esse.
312 1360 382 1395 Sed
407 1360 508 1395 nulla
533 1361 588 1395 est
614 1371 723 1395 causa
757 1371 820 1395 cur
845 1372 917 1396 non
949 1361 1164 1397 concedatur
1193 1361 1303 1396 etiam
1336 1360 1605 1405 Theopompum

168 1422 228 1457 vel
251 1421 362 1457 alium
388 1421 586 1467 quemlibet
611 1421 672 1467 qui
699 1421 742 1457 de
775 1421 831 1457 his
864 1422 971 1458 rebus
997 1422 1170 1458 scriberet
1193 1422 1309 1458 multa
1334 1433 1376 1457 ex
1399 1420 1606 1468 Thucydide

169 1494 309 1519 sumere
348 1483 534 1528 potuisse3
575 1483 671 1528 quod
716 1483 759 1518 de
802 1483 880 1528 ipso
924 1483 1152 1529 Theopompo
1190 1483 1488 1520 verisimillimum
1531 1493 1606 1517 esse

169 1545 265 1580 infra
289 1544 490 1591 apparebit.
542 1543 755 1580 Graviorem
786 1547 908 1580 tamen
943 1545 1205 1581 dubitationem
1239 1546 1360 1581 movet
1385 1544 1482 1591 quod
1507 1543 1605 1581 Plut.

171 1619 199 1643 c.
251 1607 299 1644 20
349 1606 569 1652 Thucydidis
624 1617 752 1641 nomen
803 1606 931 1654 affert,
984 1608 1088 1653 quasi
1127 1619 1208 1643 eum
1252 1607 1328 1653 ipse
1381 1605 1602 1653 inspexisset.

170 1667 345 1714 Equidem
360 1695 368 1711 ‚
411 1667 442 1703 si
483 1669 579 1703 recte
615 1678 652 1703 se
678 1667 788 1703 habet
814 1669 912 1714 quod
936 1669 1032 1705 infra
1056 1669 1301 1705 demonstrare
1330 1668 1498 1715 conabor,
1525 1678 1606 1702 eum

171 1732 355 1766 auctorem
379 1741 485 1776 quem
505 1726 604 1767 Plut.
632 1729 670 1764 in
694 1729 749 1764 his
776 1730 954 1776 capitibus
972 1733 1114 1767 secutus
1142 1733 1206 1773 est,
1234 1730 1452 1777 Thucydidis
1477 1739 1604 1765 narra-

170 1792 268 1828 tione
293 1795 481 1837 tamquam
519 1791 753 1826 fundamento
794 1803 899 1827 usum
933 1805 1018 1837 esse,
1059 1793 1156 1828 haud
1193 1793 1355 1839 negarim
1387 1792 1444 1829 vel
1483 1791 1604 1837 ipsum

171 1852 391 1899 Thucydidis
416 1863 547 1889 nomen
586 1864 628 1888 ex
654 1852 717 1888 illo
744 1858 926 1899 sumptum
952 1866 1050 1898 esse;
1087 1856 1182 1890 certe
1217 1854 1359 1890 etiamsi
1383 1852 1606 1890 concedimus

172 1915 269 1953 Plut.
286 1914 405 1960 ipsum
423 1913 535 1952 Thuc.
558 1913 772 1958 adhibuisse,
800 1916 921 1951 tamen
939 1914 1102 1962 cogimur
1127 1917 1169 1951 ut
1187 1917 1333 1962 praeter
1350 1915 1462 1954 Thuc.
1486 1914 1600 1950 altero

172 1976 328 2022 quodam
357 1977 503 2011 auctore
529 1987 610 2010 eum
634 1987 740 2011 usum
766 1988 841 2012 esse
868 1978 1090 2020 statuamus3
1121 1976 1245 2023 itaque
1279 1977 1448 2023 quoniam
1473 1986 1605 2017 eorum,

172 2048 265 2084 quae
294 2048 366 2073 non
403 2039 555 2082 possunt
592 2049 634 2072 ex
662 2037 774 2077 Thuc.
809 2039 955 2084 sumpta
993 2049 1090 2085 esse,
1136 2049 1276 2074 summa
1311 2037 1488 2075 consentit
1525 2047 1606 2072 cum

173 2098 290 2140 Com„
322 2097 490 2133 dissentit
523 2110 546 2133 a
580 2098 716 2142 ceteris,
757 2110 799 2134 ea
824 2101 919 2135 certe
953 2086 1025 2135 non
1064 2099 1191 2135 dubito
1224 2099 1338 2135 eidem
1374 2111 1416 2135 ac
1453 2097 1607 2135 Cornelii

171 2159 392 2196 narrationis
417 2159 558 2196 auctori
584 2159 757 2196 tribuere.

273 2219 477 2269 Postquam
500 2221 613 2270 igitur
647 2223 736 2259 duas
772 2222 966 2259 relationes
990 2223 1211 2269 repperimus
1238 2224 1281 2261 de
1315 2224 1365 2260 eis
1397 2235 1489 2270 quae
1526 2234 1607 2269 per·

172 2285 289 2321 tinent
327 2285 373 2321 ad
418 2295 477 2321 res
520 2285 565 2320 ab
613 2284 801 2321 Alcibiade
845 2286 964 2331 gestas
1002 2284 1085 2321 inde
1124 2286 1170 2322 ab
1219 2286 1443 2333 expeditione
1482 2286 1608 2322 contra

172 2346 332 2382 Siciliam
368 2348 535 2392 suscepta
573 2359 686 2393 usque
712 2347 759 2383 ad
784 2346 1008 2383 Alcibiadem
1045 2348 1082 2383 in
1120 2348 1393 2385 Atheniensium
1414 2347 1608 2384 exercitum

172 2410 391 2451 revocatum,
418 2420 571 2455 quarum
596 2410 711 2445 altera
730 2410 829 2445 extat
855 2408 952 2454 apud
978 2408 1074 2447 Plut.
1102 2410 1179 2447 Alc.
1194 2406 1304 2446 23'in.
1324 2410 1484 2452 24-27‚
1509 2409 1606 2445 Just.

178 2468 216 2512 V,
246 2470 351 2511 1-3,
376 2469 482 2510 Diod,
498 2470 594 2513 XIII,
616 2471 673 2513 34,
693 2474 752 2506 1-
766 2471 798 2506 3.
815 2471 873 2516 36,
894 2470 988 2506 1-4
1007 2472 1102 2516 (cum
1128 2472 1258 2516 quibus
1285 2474 1488 2517 congruunt
1516 2470 1607 2516 q'uae
