1755 2892
824 149 869 188 11

127 278 246 313 autem
271 276 375 314 huius
403 278 531 324 capitis
558 291 642 325 pars
668 279 750 315 inde
776 291 799 315 a
823 277 1149 328 νοοοΕὐδοκιμώίι
1176 269 1222 314 ad
1244 279 1354 314 alium
1378 278 1557 325 quendam

126 338 269 375 levioris
311 339 540 376 auctoritatis
588 333 799 387 scriptorem
851 340 1038 376 referenda
1087 352 1162 376 esse
1207 341 1360 379 videtur.
1421 339 1469 375 Et
1516 350 1558 374 ea

126 399 271 446 quidem
305 412 397 447 quae
436 400 479 436 de
504 401 651 437 Timaea
688 404 884 438 narrantur
918 413 960 438 ex
984 401 1120 437 Duride
1155 404 1299 448 sumpta
1327 413 1402 437 esse
1427 400 1557 437 scimus

127 473 168 498 ex
193 458 294 502 Plut.
320 462 429 510 Agens,
457 474 488 502 c.
516 464 550 507 3,
591 464 654 500 ubi
686 464 812 500 eadem
845 463 1040 499 traduntur
1066 463 1187 500 addito
1212 463 1369 500 auctoris
1393 462 1558 506 nomine;

126 523 266 571 reliqua
291 524 404 572 igitur
429 537 492 561 cur
518 538 590 562 non
615 526 729 562 eidem
753 525 955 562 tribuamus
981 525 1118 561 nuJJam
1142 525 1244 562 video
1272 537 1428 563 causam.

226 585 354 621 Restat
379 587 421 621 ut
445 586 551 624 Diod.
578 586 674 624 Just.
701 586 788 621 Plut
829 586 1018 622 relationes
1044 586 1100 622 de
1127 586 1314 623 Hermis
1348 585 1559 622 deiectis

126 647 175 682 et
207 646 411 683 actione
443 647 701 683 Alcibiadi
747 647 951 683 intenta
990 647 1213 684 conferamus
1255 660 1335 683 cum
1372 647 1481 682 Thuc.
1517 649 1554 681 et

127 707 232 747 Corn.
251 707 430 746 Diodorus
442 708 555 756 igitur
577 708 615 745 in
640 708 764 756 paucis
782 708 844 753 eis,
871 721 963 756 quae
984 709 1027 746 de
1051 709 1107 746 his
1131 710 1238 746 rebus
1261 709 1389 757 tradit,
1413 707 1561 755 propius

126 767 263 807 accedit
299 770 346 806 ad
385 770 493 808 Thuc.
529 770 638 817 Apud
675 773 869 819 utrumque
904 771 997 808 enim
1040 772 1268 818 vituperatur
1310 771 1494 808 temeritas
1524 773 1560 805 et

127 831 331 875 credulitas,
359 843 431 878 qua
455 832 583 879 volgus
607 832 645 867 in
680 832 887 879 quaestione
912 834 995 879 post
1020 832 1173 869 Hermas
1198 832 1354 868 deiectas
1391 831 1560 868 instituta

126 905 230 929 usum
270 893 333 938 sit,
375 894 481 932 Diod.
516 896 703 940 praeterea
750 895 948 941 exemplum
984 906 1159 932 vanarum
1195 895 1416 931 delationum
1455 893 1559 928 affert

126 955 302 1001 quendam
351 967 392 991 ex
444 956 713 992 accusatoribus
765 956 894 993 dixisse
940 968 977 992 se
1026 956 1253 992 Alcibiadem
1298 955 1387 990 luna
1425 955 1563 990 lucente

125 1027 313 1064 cognosse,
351 1028 431 1053 cum
473 1019 594 1054 tamen
633 1015 719 1054 luna
753 1030 847 1055 nova
889 1019 983 1055 esset
1048 1017 1163 1065 (XIII,
1206 1018 1240 1061 2,
1281 1017 1406 1062 3-7).
1473 1015 1562 1051 Cum

126 1080 355 1115 revocaretur
381 1091 423 1114 ex
437 1078 569 1126 Sicih'a,
597 1079 703 1117 Diod.
729 1079 951 1116 Alcibiadem
978 1079 1066 1116 dicit
1087 1080 1220 1127 fugisse
1249 1076 1325 1114 εἴτε
1354 1072 1562 1113 συνειδότα

129 1138 263 1189 ἑαυτῷ
295 1134 368 1182 τήν
400 1137 582 1185 α’σέβειαν
622 1137 698 1176 εἴτε
741 1138 964 1189 φοβηθέντα
1006 1136 1057 1176 τὸ
1084 1137 1239 1190 μέγεθος
1276 1141 1358 1176 τοῦ
1387 1134 1563 1175 κινδύνου

132 1200 246 1247 (ΧΙΙΙ,
273 1202 308 1245 5,
336 1202 385 1247 5),
421 1202 517 1248 quod
542 1202 686 1238 minime
712 1202 878 1250 congruit
904 1214 984 1238 cum
1010 1202 1113 1240 Corn.
1142 1202 1185 1238 de
1212 1202 1266 1238 his
1293 1201 1399 1237 rebus
1425 1201 1564 1237 senten-

126 1262 190 1306 tia,
220 1262 368 1308 propius
397 1265 518 1300 tamen
542 1264 680 1300 accedit
714 1264 761 1300 ad
802 1264 959 1299 medium
999 1264 1090 1299 illud
1119 1263 1213 1299 inter
1254 1263 1365 1299 Thuc.
1393 1264 1429 1297 et
1456 1260 1560 1299 Corn.

125 1323 308 1369 iudicium,
345 1326 441 1372 quod
483 1337 592 1372 supra
617 1326 770 1362 diximus
809 1326 884 1362 eius
910 1326 1067 1363 auctoris
1091 1325 1281 1372 proprium
1305 1324 1424 1369 fuisse,
1452 1334 1559 1370 quem

128 1386 222 1424 Plut.
252 1398 281 1426 c.
327 1387 476 1425 24-26
516 1388 691 1434 sequitur.
744 1388 838 1424 Jnde
877 1387 1101 1424 Alcibiadem
1137 1387 1317 1431 Diodorus
1360 1385 1498 1432 pariter
1523 1395 1565 1420 ac

128 1448 352 1495 Thucydides
390 1449 518 1495 capitis
559 1450 770 1486 damnatum
813 1462 887 1486 esse
921 1450 1046 1494 tradit,
1086 1451 1287 1486 ceterorum
1326 1459 1417 1495 quae
1456 1447 1560 1484 Corn.

128 1511 232 1547 affert
275 1511 490 1548 mentionem
542 1523 614 1548 non
660 1512 749 1552 facit
799 1511 924 1560 (XIII,
965 1513 999 1555 5,
1041 1512 1091 1557 7).
1171 1510 1260 1546 Cum
1306 1509 1412 1546 Diod.
1451 1508 1563 1545 etiam

125 1571 148 1607 J
157 1584 182 1607 u
195 1583 211 1608 s
225 1573 242 1608 t
256 1572 306 1608 in
320 1585 345 1608 u
358 1584 374 1609 s
401 1573 567 1620 congruit
594 1585 675 1609 cum
692 1573 917 1609 Alcibiadem
942 1573 1040 1609 dicat
1062 1572 1195 1620 fugisse
1222 1571 1322 1616 „sive
1336 1570 1566 1613 conscientia,

124 1633 201 1670 sive
225 1633 482 1680 indignitatem
507 1632 559 1669 rei
584 1646 655 1670 non
681 1634 879 1670 ferentem“
908 1634 967 1680 (V,
998 1635 1031 1681 1,
1063 1634 1113 1679 2).

228 1694 345 1732 Multo
372 1697 493 1732 autem
526 1696 680 1743 amplius
705 1698 742 1733 et
767 1696 970 1733 accuratius
1007 1707 1116 1743 quam
1142 1697 1179 1732 et
1202 1706 1224 1731 a
1247 1694 1374 1731 ceteris
1400 1694 1566 1731 omnibus

126 1759 163 1793 et
188 1757 234 1793 ab
259 1757 337 1803 ipso
378 1757 489 1796 Thuc.
515 1758 602 1794 haec
625 1760 822 1795 narrantur
848 1769 873 1794 a
898 1758 1022 1795 Plut.
1050 1757 1148 1795 Alc.
1180 1757 1336 1803 18—22‚
1364 1756 1465 1792 cuius
1500 1759 1566 1791 aut

128 1818 286 1865 quinque
312 1818 433 1865 capita
458 1817 640 1869 (18—22)
668 1821 733 1856 aut
756 1821 851 1856 certe
885 1821 1060 1867 quattuor
1086 1816 1272 1868 (18—21)
1312 1818 1447 1865 optime
1472 1817 1566 1854 inter

128 1892 165 1916 se
190 1881 381 1917 cohaerent
412 1883 449 1917 et
487 1893 529 1917 ex
567 1893 639 1918 uno
667 1884 813 1918 auctore
847 1884 992 1927 sumpta
1017 1892 1091 1917 esse
1117 1881 1296 1928 videntur,
1331 1880 1394 1927 qui
1420 1880 1562 1926 Thucy—

126 1941 219 1978 didis
256 1942 465 1979 narratione
502 1945 688 1990 tamquam
721 1943 952 1979 fundamento
987 1943 1041 1979 ita
1074 1954 1159 1979 usus
1201 1942 1260 1990 sit,
1290 1944 1332 1979 ut
1357 1954 1429 1978 non
1454 1942 1562 1978 modo

124 2004 250 2041 multis
274 2016 355 2041 eum
381 2005 539 2051 expleret
563 2006 840 2053 additamentis,
881 2006 944 2041 sed
969 2005 1077 2041 etiam
1104 2005 1151 2041 ad
1176 2016 1281 2042 suam
1306 2005 1349 2041 de
1375 2005 1431 2040 his
1459 2004 1567 2040 rebus

127 2066 340 2102 sententiam
382 2066 628 2112 explicandam
674 2067 883 2103 immutaret
926 2068 963 2102 et
1009 2068 1198 2113 tamquam
1246 2067 1361 2102 denuo
1399 2066 1566 2112 fingeret.

127 2125 224 2169 Quae
263 2127 441 2164 sententia
487 2139 568 2164 cum
616 2140 763 2178 prorsus
802 2129 977 2175 congruat
1019 2139 1100 2164 cum
1135 2139 1177 2164 ea
1214 2137 1323 2174 quam
1372 2127 1410 2162 in
1450 2126 1554 2165 Corn.

127 2187 221 2232 (Alc.
250 2188 366 2238 3—5)
400 2191 436 2225 et
469 2189 575 2228 Diod.
613 2189 733 2237 (XIII,
775 2190 839 2234 36,
868 2191 890 2228 5
912 2209 962 2217 -
988 2189 1048 2237 38,
1077 2190 1116 2235 2)
1155 2187 1424 2225 narrationibus
1467 2188 1564 2224 cerni

126 2260 235 2297 supra
259 2251 499 2302 exposuimus,
531 2249 622 2289 nihil
647 2254 768 2289 autem
809 2252 841 2289 ei
865 2263 1051 2289 commune
1090 2251 1139 2289 sit
1160 2253 1225 2289 aut
1249 2263 1330 2288 cum
1356 2250 1565 2297 Thucydide

125 2314 189 2348 aut
221 2325 302 2350 cum
333 2315 520 2351 Plutarchi
560 2327 589 2351 c.
629 2316 777 2353 24—26
817 2317 883 2351 aut
918 2327 999 2351 cum
1026 2315 1076 2351 eis
1116 2315 1222 2351 Diod.
1267 2316 1303 2350 ct
1337 2314 1434 2351 Just.
1461 2313 1565 2362 locis,

124 2383 212 2416 quos
238 2375 285 2410 ad
298 2376 449 2411 eundem
473 2378 582 2422 atque
606 2376 708 2412 illam
736 2378 918 2412 auctorem
944 2374 1147 2412 referendos
1172 2386 1250 2412 esse
1262 2386 1372 2421 supra
1395 2374 1560 2417 diximus,

123 2444 193 2470 non
219 2435 368 2474 dubium
397 2437 484 2474 mihi
514 2437 656 2475 videtur
682 2450 768 2483 esse,
804 2438 891 2486 quin
931 2438 1026 2476 Plut.
1063 2438 1101 2473 in
1137 2437 1192 2474 his
1229 2438 1409 2484 capitibus
1435 2437 1559 2473 eodem
