<?xml version="1.0" encoding="UTF-8"?>
<!DOCTYPE html PUBLIC "-//W3C//DTD XHTML 1.0 Transitional//EN"
    "http://www.w3.org/TR/xhtml1/DTD/xhtml1-transitional.dtd">
<html xmlns="http://www.w3.org/1999/xhtml" xml:lang="en" lang="en">
 <head>
  <title>
</title>
<meta http-equiv="Content-Type" content="text/html;charset=utf-8" />
  <meta name='ocr-system' content='tesseract 3.04.00' />
  <meta name='ocr-capabilities' content='ocr_page ocr_carea ocr_par ocr_line ocrx_word'/>
</head>
<body>
  <div class='ocr_page' id='page_1' title='image "4737252_0066.png"; bbox 0 0 1755 2892; ppageno 0'>
   <div class='ocr_carea' id='block_1_1' title="bbox 106 488 128 505">
    <p class='ocr_par' dir='ltr' id='par_1_1' title="bbox 106 488 128 505">
     <span class='ocr_line' id='line_1_1' title="bbox 106 488 128 505; baseline 0 0"><span class='ocrx_word' id='word_1_1' title='bbox 106 488 128 505; x_wconf 61' lang='grc' dir='ltr'><em>θ</em></span> 
     </span>
    </p>
   </div>
   <div class='ocr_carea' id='block_1_2' title="bbox 838 172 889 218">
    <p class='ocr_par' dir='ltr' id='par_1_2' title="bbox 838 172 889 218">
     <span class='ocr_line' id='line_1_2' title="bbox 838 172 889 218; baseline 0 -8"><span class='ocrx_word' id='word_1_2' title='bbox 838 172 889 218; x_wconf 79' lang='lat'>54</span> 
     </span>
    </p>
   </div>
   <div class='ocr_carea' id='block_1_3' title="bbox 132 299 1582 346">
    <p class='ocr_par' dir='ltr' id='par_1_3' title="bbox 132 299 1582 346">
     <span class='ocr_line' id='line_1_3' title="bbox 132 299 1582 346; baseline -0.002 -8"><span class='ocrx_word' id='word_1_3' title='bbox 132 306 315 339; x_wconf 71' lang='lat' dir='ltr'>aiictorem</span> <span class='ocrx_word' id='word_1_4' title='bbox 342 315 401 338; x_wconf 87' lang='lat' dir='ltr'>eos</span> <span class='ocrx_word' id='word_1_5' title='bbox 427 299 560 337; x_wconf 83' lang='lat' dir='ltr'>referre</span> <span class='ocrx_word' id='word_1_6' title='bbox 587 302 688 344; x_wconf 83' lang='lat' dir='ltr'>licet3</span> <span class='ocrx_word' id='word_1_7' title='bbox 725 314 766 336; x_wconf 86' lang='lat' dir='ltr'>cx</span> <span class='ocrx_word' id='word_1_8' title='bbox 794 301 1024 346; x_wconf 80' lang='lat' dir='ltr'>Theopompo</span> <span class='ocrx_word' id='word_1_9' title='bbox 1052 303 1149 336; x_wconf 85' lang='lat' dir='ltr'>certe</span> <span class='ocrx_word' id='word_1_10' title='bbox 1175 301 1359 336; x_wconf 84' lang='lat' dir='ltr'>Cornelius</span> <span class='ocrx_word' id='word_1_11' title='bbox 1395 300 1483 335; x_wconf 86' lang='lat' dir='ltr'>haec</span> <span class='ocrx_word' id='word_1_12' title='bbox 1510 312 1582 335; x_wconf 87' lang='lat' dir='ltr'>non</span> 
     </span>
    </p>
   </div>
   <div class='ocr_carea' id='block_1_4' title="bbox 132 362 1584 461">
    <p class='ocr_par' dir='ltr' id='par_1_4' title="bbox 132 362 1584 461">
     <span class='ocr_line' id='line_1_4' title="bbox 132 362 1584 409; baseline -0.003 -9"><span class='ocrx_word' id='word_1_13' title='bbox 132 365 276 401; x_wconf 82' lang='lat' dir='ltr'>videtur</span> <span class='ocrx_word' id='word_1_14' title='bbox 319 364 499 406; x_wconf 79' lang='lat' dir='ltr'>hausisse,</span> <span class='ocrx_word' id='word_1_15' title='bbox 549 374 768 409; x_wconf 80' lang='lat' dir='ltr'>quamquam</span> <span class='ocrx_word' id='word_1_16' title='bbox 814 363 851 397; x_wconf 89' lang='lat' dir='ltr'>in</span> <span class='ocrx_word' id='word_1_17' title='bbox 899 364 979 398; x_wconf 88' lang='lat' dir='ltr'>tota</span> <span class='ocrx_word' id='word_1_18' title='bbox 1026 362 1166 408; x_wconf 85' lang='lat' dir='ltr'>reliqua</span> <span class='ocrx_word' id='word_1_19' title='bbox 1215 362 1291 397; x_wconf 88' lang='lat' dir='ltr'>vita</span> <span class='ocrx_word' id='word_1_20' title='bbox 1337 362 1430 397; x_wconf 89' lang='lat' dir='ltr'>hunc</span> <span class='ocrx_word' id='word_1_21' title='bbox 1473 373 1584 395; x_wconf 86' lang='lat' dir='ltr'>unum</span> 
     </span>
     <span class='ocr_line' id='line_1_5' title="bbox 135 426 522 461; baseline -0.003 -1"><span class='ocrx_word' id='word_1_22' title='bbox 135 426 261 461; x_wconf 83' lang='lat' dir='ltr'>ducem</span> <span class='ocrx_word' id='word_1_23' title='bbox 287 427 431 461; x_wconf 85' lang='lat' dir='ltr'>secutus</span> <span class='ocrx_word' id='word_1_24' title='bbox 458 426 522 460; x_wconf 90' lang='lat' dir='ltr'>est.</span> 
     </span>
    </p>
   </div>
   <div class='ocr_carea' id='block_1_5' title="bbox 822 635 912 694">
    <p class='ocr_par' dir='ltr' id='par_1_5' title="bbox 822 635 912 694">
     <span class='ocr_line' id='line_1_6' title="bbox 822 635 912 694; baseline 0 0"><span class='ocrx_word' id='word_1_25' title='bbox 822 635 912 694; x_wconf 93' lang='lat' dir='ltr'>IV.</span> 
     </span>
    </p>
   </div>
   <div class='ocr_carea' id='block_1_6' title="bbox 145 756 1654 2080">
    <p class='ocr_par' dir='ltr' id='par_1_6' title="bbox 145 756 1654 2080">
     <span class='ocr_line' id='line_1_7' title="bbox 243 756 1583 803; baseline -0.001 -10"><span class='ocrx_word' id='word_1_26' title='bbox 243 760 371 793; x_wconf 78' lang='lat' dir='ltr'>Restat</span> <span class='ocrx_word' id='word_1_27' title='bbox 396 760 437 792; x_wconf 87' lang='lat' dir='ltr'>ut</span> <span class='ocrx_word' id='word_1_28' title='bbox 472 768 652 793; x_wconf 89' lang='lat' dir='ltr'>summam</span> <span class='ocrx_word' id='word_1_29' title='bbox 686 768 827 799; x_wconf 88' lang='lat' dir='ltr'>eorum,</span> <span class='ocrx_word' id='word_1_30' title='bbox 863 769 955 803; x_wconf 86' lang='lat' dir='ltr'>quae</span> <span class='ocrx_word' id='word_1_31' title='bbox 982 758 1171 800; x_wconf 86' lang='lat' dir='ltr'>effecimus,</span> <span class='ocrx_word' id='word_1_32' title='bbox 1213 757 1370 803; x_wconf 76' lang='lat' dir='ltr'>breviter</span> <span class='ocrx_word' id='word_1_33' title='bbox 1405 756 1583 802; x_wconf 88' lang='lat' dir='ltr'>complec-</span> 
     </span>
     <span class='ocr_line' id='line_1_8' title="bbox 145 819 1520 856; baseline 0.001 -1"><span class='ocrx_word' id='word_1_34' title='bbox 145 823 280 856; x_wconf 83' lang='lat' dir='ltr'>tamur.</span> <span class='ocrx_word' id='word_1_35' title='bbox 1516 819 1520 821; x_wconf 43' lang='grc'><strong>“</strong></span> 
     </span>
     <span class='ocr_line' id='line_1_9' title="bbox 248 878 1593 923; baseline 0 -9"><span class='ocrx_word' id='word_1_36' title='bbox 248 880 409 914; x_wconf 90' lang='lat' dir='ltr'>Primum</span> <span class='ocrx_word' id='word_1_37' title='bbox 445 879 474 913; x_wconf 86' lang='lat' dir='ltr'>si</span> <span class='ocrx_word' id='word_1_38' title='bbox 514 878 738 923; x_wconf 79' lang='lat' dir='ltr'>quaerimus,</span> <span class='ocrx_word' id='word_1_39' title='bbox 786 890 809 923; x_wconf 93' lang='lat' dir='ltr'><strong>q</strong></span> <span class='ocrx_word' id='word_1_40' title='bbox 824 889 878 912; x_wconf 89' lang='lat' dir='ltr'>ua</span> <span class='ocrx_word' id='word_1_41' title='bbox 918 879 1047 913; x_wconf 89' lang='lat' dir='ltr'>ratio</span> <span class='ocrx_word' id='word_1_42' title='bbox 1061 891 1085 913; x_wconf 90' lang='lat' dir='ltr'>n</span> <span class='ocrx_word' id='word_1_43' title='bbox 1099 891 1116 914; x_wconf 90' lang='lat' dir='ltr'>e</span> <span class='ocrx_word' id='word_1_44' title='bbox 1160 879 1206 913; x_wconf 91' lang='lat' dir='ltr'>in</span> <span class='ocrx_word' id='word_1_45' title='bbox 1219 879 1265 914; x_wconf 90' lang='lat' dir='ltr'>fe</span> <span class='ocrx_word' id='word_1_46' title='bbox 1279 891 1297 913; x_wconf 89' lang='lat'>1·</span> <span class='ocrx_word' id='word_1_47' title='bbox 1311 879 1323 914; x_wconf 86' lang='lat' dir='ltr'>i</span> <span class='ocrx_word' id='word_1_48' title='bbox 1338 880 1411 914; x_wconf 89' lang='lat' dir='ltr'>ori</span> <span class='ocrx_word' id='word_1_49' title='bbox 1426 891 1442 914; x_wconf 88' lang='lat' dir='ltr'>s</span> <span class='ocrx_word' id='word_1_50' title='bbox 1481 881 1498 914; x_wconf 93' lang='lat' dir='ltr'>t</span> <span class='ocrx_word' id='word_1_51' title='bbox 1512 891 1593 914; x_wconf 85' lang='lat' dir='ltr'>em-</span> 
     </span>
     <span class='ocr_line' id='line_1_10' title="bbox 146 938 1595 986; baseline -0.001 -9"><span class='ocrx_word' id='word_1_52' title='bbox 146 941 286 986; x_wconf 83' lang='lat' dir='ltr'>poris</span> <span class='ocrx_word' id='word_1_53' title='bbox 320 953 336 976; x_wconf 91' lang='lat' dir='ltr'>s</span> <span class='ocrx_word' id='word_1_54' title='bbox 353 940 509 985; x_wconf 88' lang='lat' dir='ltr'>cripto</span> <span class='ocrx_word' id='word_1_55' title='bbox 524 950 597 974; x_wconf 91' lang='lat' dir='ltr'>res</span> <span class='ocrx_word' id='word_1_56' title='bbox 624 941 766 974; x_wconf 85' lang='lat' dir='ltr'>aucto</span> <span class='ocrx_word' id='word_1_57' title='bbox 780 938 918 974; x_wconf 87' lang='lat' dir='ltr'>ribus</span> <span class='ocrx_word' id='word_1_58' title='bbox 945 939 1046 975; x_wconf 89' lang='lat' dir='ltr'>suis</span> <span class='ocrx_word' id='word_1_59' title='bbox 1072 940 1144 975; x_wconf 87' lang='lat' dir='ltr'>usi</span> <span class='ocrx_word' id='word_1_60' title='bbox 1171 938 1291 983; x_wconf 86' lang='lat' dir='ltr'>sint,</span> <span class='ocrx_word' id='word_1_61' title='bbox 1320 940 1595 986; x_wconf 84' lang='lat' dir='ltr'>comprobatum</span> 
     </span>
     <span class='ocr_line' id='line_1_11' title="bbox 149 999 1595 1048; baseline -0.001 -11"><span class='ocrx_word' id='word_1_62' title='bbox 149 1005 203 1038; x_wconf 82' lang='lat' dir='ltr'>est</span> <span class='ocrx_word' id='word_1_63' title='bbox 229 1003 325 1048; x_wconf 87' lang='lat' dir='ltr'>quod</span> <span class='ocrx_word' id='word_1_64' title='bbox 351 1004 387 1037; x_wconf 88' lang='lat' dir='ltr'>et</span> <span class='ocrx_word' id='word_1_65' title='bbox 414 1001 436 1036; x_wconf 82' lang='lat' dir='ltr'>S</span> <span class='ocrx_word' id='word_1_66' title='bbox 451 1004 467 1036; x_wconf 91' lang='lat' dir='ltr'>t</span> <span class='ocrx_word' id='word_1_67' title='bbox 482 1013 499 1036; x_wconf 90' lang='lat' dir='ltr'>e</span> <span class='ocrx_word' id='word_1_68' title='bbox 515 1001 537 1035; x_wconf 82' lang='lat' dir='ltr'>d</span> <span class='ocrx_word' id='word_1_69' title='bbox 549 1013 567 1035; x_wconf 90' lang='lat' dir='ltr'>e</span> <span class='ocrx_word' id='word_1_70' title='bbox 580 1001 623 1035; x_wconf 90' lang='lat' dir='ltr'>fe</span> <span class='ocrx_word' id='word_1_71' title='bbox 637 1001 682 1034; x_wconf 85' lang='lat' dir='ltr'>ld</span> <span class='ocrx_word' id='word_1_72' title='bbox 696 1002 713 1035; x_wconf 93' lang='lat' dir='ltr'>t</span> <span class='ocrx_word' id='word_1_73' title='bbox 740 1000 889 1035; x_wconf 88' lang='lat' dir='ltr'>coniecit</span> <span class='ocrx_word' id='word_1_74' title='bbox 929 1002 965 1035; x_wconf 86' lang='lat' dir='ltr'>et</span> <span class='ocrx_word' id='word_1_75' title='bbox 990 1001 1019 1034; x_wconf 81' lang='lat' dir='ltr'><strong>F</strong></span> <span class='ocrx_word' id='word_1_76' title='bbox 1034 1013 1052 1035; x_wconf 93' lang='lat' dir='ltr'>r</span> <span class='ocrx_word' id='word_1_77' title='bbox 1065 1001 1077 1035; x_wconf 92' lang='lat' dir='ltr'>i</span> <span class='ocrx_word' id='word_1_78' title='bbox 1091 1013 1109 1035; x_wconf 93' lang='lat' dir='ltr'>c</span> <span class='ocrx_word' id='word_1_79' title='bbox 1123 1002 1147 1035; x_wconf 90' lang='lat' dir='ltr'><strong>k</strong></span> <span class='ocrx_word' id='word_1_80' title='bbox 1160 1001 1206 1035; x_wconf 89' lang='lat' dir='ltr'>iu</span> <span class='ocrx_word' id='word_1_81' title='bbox 1219 1013 1234 1035; x_wconf 91' lang='lat' dir='ltr'>s</span> <span class='ocrx_word' id='word_1_82' title='bbox 1274 999 1439 1046; x_wconf 87' lang='lat' dir='ltr'>pluribus</span> <span class='ocrx_word' id='word_1_83' title='bbox 1477 1012 1595 1046; x_wconf 87' lang='lat' dir='ltr'>perse-</span> 
     </span>
     <span class='ocr_line' id='line_1_12' title="bbox 150 1060 1593 1108; baseline 0 -11"><span class='ocrx_word' id='word_1_84' title='bbox 150 1065 254 1098; x_wconf 87' lang='lat' dir='ltr'>cutus</span> <span class='ocrx_word' id='word_1_85' title='bbox 284 1065 350 1108; x_wconf 86' lang='lat' dir='ltr'>est,</span> <span class='ocrx_word' id='word_1_86' title='bbox 379 1062 411 1096; x_wconf 94' lang='lat' dir='ltr'>D</span> <span class='ocrx_word' id='word_1_87' title='bbox 424 1062 468 1097; x_wconf 90' lang='lat' dir='ltr'>io</span> <span class='ocrx_word' id='word_1_88' title='bbox 484 1061 507 1095; x_wconf 81' lang='lat' dir='ltr'>d</span> <span class='ocrx_word' id='word_1_89' title='bbox 519 1073 539 1096; x_wconf 94' lang='lat' dir='ltr'>o</span> <span class='ocrx_word' id='word_1_90' title='bbox 549 1073 567 1095; x_wconf 95' lang='lat' dir='ltr'>r</span> <span class='ocrx_word' id='word_1_91' title='bbox 579 1072 648 1095; x_wconf 88' lang='lat' dir='ltr'>um</span> <span class='ocrx_word' id='word_1_92' title='bbox 675 1061 712 1095; x_wconf 89' lang='lat' dir='ltr'>in</span> <span class='ocrx_word' id='word_1_93' title='bbox 738 1060 875 1096; x_wconf 91' lang='lat' dir='ltr'>ultimis</span> <span class='ocrx_word' id='word_1_94' title='bbox 902 1060 988 1096; x_wconf 85' lang='lat' dir='ltr'>belli</span> <span class='ocrx_word' id='word_1_95' title='bbox 1014 1061 1306 1107; x_wconf 81' lang='lat' dir='ltr'>Peloponnesiaci</span> <span class='ocrx_word' id='word_1_96' title='bbox 1332 1062 1435 1098; x_wconf 89' lang='lat' dir='ltr'>annis</span> <span class='ocrx_word' id='word_1_97' title='bbox 1462 1061 1593 1097; x_wconf 87' lang='lat' dir='ltr'>descri-</span> 
     </span>
     <span class='ocr_line' id='line_1_13' title="bbox 150 1122 1592 1167; baseline -0.001 -7"><span class='ocrx_word' id='word_1_98' title='bbox 150 1125 276 1160; x_wconf 87' lang='lat' dir='ltr'>bendis</span> <span class='ocrx_word' id='word_1_99' title='bbox 303 1127 415 1158; x_wconf 81' lang='lat' dir='ltr'>unum</span> <span class='ocrx_word' id='word_1_100' title='bbox 442 1123 712 1167; x_wconf 76' lang='lat' dir='ltr'>Theopompum</span> <span class='ocrx_word' id='word_1_101' title='bbox 740 1125 903 1158; x_wconf 88' lang='lat' dir='ltr'>secutum</span> <span class='ocrx_word' id='word_1_102' title='bbox 930 1134 1016 1161; x_wconf 88' lang='lat' dir='ltr'>esse.</span> <span class='ocrx_word' id='word_1_103' title='bbox 1069 1123 1128 1158; x_wconf 88' lang='lat' dir='ltr'>Ad</span> <span class='ocrx_word' id='word_1_104' title='bbox 1154 1124 1305 1159; x_wconf 79' lang='lat' dir='ltr'>eundem</span> <span class='ocrx_word' id='word_1_105' title='bbox 1346 1136 1427 1159; x_wconf 90' lang='lat' dir='ltr'>cum</span> <span class='ocrx_word' id='word_1_106' title='bbox 1469 1122 1592 1159; x_wconf 84' lang='lat' dir='ltr'>Stede-</span> 
     </span>
     <span class='ocr_line' id='line_1_14' title="bbox 151 1183 1598 1227; baseline 0 -7"><span class='ocrx_word' id='word_1_107' title='bbox 151 1186 277 1221; x_wconf 83' lang='lat' dir='ltr'>fcldtio</span> <span class='ocrx_word' id='word_1_108' title='bbox 304 1187 385 1220; x_wconf 87' lang='lat' dir='ltr'>tota</span> <span class='ocrx_word' id='word_1_109' title='bbox 413 1185 439 1220; x_wconf 83' lang='lat' dir='ltr'>C</span> <span class='ocrx_word' id='word_1_110' title='bbox 452 1196 471 1219; x_wconf 93' lang='lat'>0</span> <span class='ocrx_word' id='word_1_111' title='bbox 486 1195 564 1218; x_wconf 91' lang='lat' dir='ltr'>rne</span> <span class='ocrx_word' id='word_1_112' title='bbox 578 1184 633 1218; x_wconf 89' lang='lat' dir='ltr'>lii</span> <span class='ocrx_word' id='word_1_113' title='bbox 661 1184 738 1219; x_wconf 91' lang='lat' dir='ltr'>vita</span> <span class='ocrx_word' id='word_1_114' title='bbox 765 1183 966 1218; x_wconf 77' lang='lat' dir='ltr'>Alcibiadis</span> <span class='ocrx_word' id='word_1_115' title='bbox 1007 1184 1193 1219; x_wconf 88' lang='lat' dir='ltr'>referenda</span> <span class='ocrx_word' id='word_1_116' title='bbox 1231 1187 1285 1220; x_wconf 85' lang='lat' dir='ltr'>est</span> <span class='ocrx_word' id='word_1_117' title='bbox 1297 1212 1305 1227; x_wconf 96' lang='lat'>,</span> <span class='ocrx_word' id='word_1_118' title='bbox 1342 1185 1442 1220; x_wconf 88' lang='lat' dir='ltr'>cuius</span> <span class='ocrx_word' id='word_1_119' title='bbox 1483 1185 1598 1220; x_wconf 90' lang='lat' dir='ltr'>solum</span> 
     </span>
     <span class='ocr_line' id='line_1_15' title="bbox 153 1244 1599 1295; baseline 0 -14"><span class='ocrx_word' id='word_1_120' title='bbox 153 1257 182 1281; x_wconf 90' lang='lat' dir='ltr'>c.</span> <span class='ocrx_word' id='word_1_121' title='bbox 212 1247 233 1283; x_wconf 86' lang='lat'><strong>7</strong></span> <span class='ocrx_word' id='word_1_122' title='bbox 263 1245 429 1282; x_wconf 85' lang='lat' dir='ltr'>Frickius</span> <span class='ocrx_word' id='word_1_123' title='bbox 456 1248 540 1292; x_wconf 91' lang='lat' dir='ltr'>post</span> <span class='ocrx_word' id='word_1_124' title='bbox 567 1245 670 1280; x_wconf 91' lang='lat' dir='ltr'>illum</span> <span class='ocrx_word' id='word_1_125' title='bbox 697 1245 841 1291; x_wconf 86' lang='lat' dir='ltr'>Ephoro</span> <span class='ocrx_word' id='word_1_126' title='bbox 867 1244 959 1281; x_wconf 88' lang='lat' dir='ltr'>falso</span> <span class='ocrx_word' id='word_1_127' title='bbox 1000 1246 1142 1283; x_wconf 86' lang='lat' dir='ltr'>tribuit.</span> <span class='ocrx_word' id='word_1_128' title='bbox 1196 1246 1343 1295; x_wconf 84' lang='lat' dir='ltr'>Minime</span> <span class='ocrx_word' id='word_1_129' title='bbox 1374 1245 1469 1282; x_wconf 85' lang='lat' dir='ltr'>inter</span> <span class='ocrx_word' id='word_1_130' title='bbox 1502 1246 1599 1282; x_wconf 85' lang='lat' dir='ltr'>viros</span> 
     </span>
     <span class='ocr_line' id='line_1_16' title="bbox 154 1295 1618 1353; baseline 0.001 -12"><span class='ocrx_word' id='word_1_131' title='bbox 154 1307 279 1342; x_wconf 82' lang='lat' dir='ltr'>doctos</span> <span class='ocrx_word' id='word_1_132' title='bbox 324 1308 516 1342; x_wconf 79' lang='lat' dir='ltr'>constabat</span> <span class='ocrx_word' id='word_1_133' title='bbox 557 1307 599 1341; x_wconf 86' lang='lat' dir='ltr'>de</span> <span class='ocrx_word' id='word_1_134' title='bbox 654 1306 683 1340; x_wconf 89' lang='lat' dir='ltr'>P</span> <span class='ocrx_word' id='word_1_135' title='bbox 700 1306 775 1341; x_wconf 91' lang='lat' dir='ltr'>lut</span> <span class='ocrx_word' id='word_1_136' title='bbox 790 1317 811 1341; x_wconf 91' lang='lat' dir='ltr'>a</span> <span class='ocrx_word' id='word_1_137' title='bbox 826 1317 871 1341; x_wconf 88' lang='lat' dir='ltr'>rc</span> <span class='ocrx_word' id='word_1_138' title='bbox 883 1306 906 1340; x_wconf 89' lang='lat' dir='ltr'>h</span> <span class='ocrx_word' id='word_1_139' title='bbox 921 1306 933 1340; x_wconf 90' lang='lat' dir='ltr'>i</span> <span class='ocrx_word' id='word_1_140' title='bbox 976 1307 1232 1344; x_wconf 86' lang='lat' dir='ltr'>consuetudine</span> <span class='ocrx_word' id='word_1_141' title='bbox 1275 1308 1312 1342; x_wconf 90' lang='lat' dir='ltr'>in</span> <span class='ocrx_word' id='word_1_142' title='bbox 1352 1308 1596 1353; x_wconf 86' lang='lat' dir='ltr'>superioribus</span> <span class='ocrx_word' id='word_1_143' title='bbox 1614 1295 1618 1299; x_wconf 38' lang='grc'><em>’</em></span> 
     </span>
     <span class='ocr_line' id='line_1_17' title="bbox 155 1367 1601 1415; baseline 0.001 -12"><span class='ocrx_word' id='word_1_144' title='bbox 155 1381 276 1404; x_wconf 90' lang='lat' dir='ltr'>rorum</span> <span class='ocrx_word' id='word_1_145' title='bbox 312 1369 523 1404; x_wconf 80' lang='lat' dir='ltr'>auctoribus</span> <span class='ocrx_word' id='word_1_146' title='bbox 564 1367 786 1405; x_wconf 80' lang='lat' dir='ltr'>adhibendis.</span> <span class='ocrx_word' id='word_1_147' title='bbox 839 1368 1040 1414; x_wconf 90' lang='lat' dir='ltr'>Postquam</span> <span class='ocrx_word' id='word_1_148' title='bbox 1077 1369 1171 1404; x_wconf 88' lang='lat' dir='ltr'>enim</span> <span class='ocrx_word' id='word_1_149' title='bbox 1212 1369 1411 1405; x_wconf 87' lang='lat' dir='ltr'>Stedefeldt</span> <span class='ocrx_word' id='word_1_150' title='bbox 1451 1369 1601 1415; x_wconf 85' lang='lat' dir='ltr'>diligen-</span> 
     </span>
     <span class='ocr_line' id='line_1_18' title="bbox 154 1416 1654 1475; baseline -0.001 -10"><span class='ocrx_word' id='word_1_151' title='bbox 154 1430 296 1465; x_wconf 86' lang='lat' dir='ltr'>tissima</span> <span class='ocrx_word' id='word_1_152' title='bbox 323 1430 532 1475; x_wconf 82' lang='lat' dir='ltr'>quaestione</span> <span class='ocrx_word' id='word_1_153' title='bbox 559 1429 690 1464; x_wconf 85' lang='lat' dir='ltr'>statuit</span> <span class='ocrx_word' id='word_1_154' title='bbox 731 1429 911 1475; x_wconf 87' lang='lat' dir='ltr'>Lysandri</span> <span class='ocrx_word' id='word_1_155' title='bbox 949 1430 1063 1464; x_wconf 87' lang='lat' dir='ltr'>vitam</span> <span class='ocrx_word' id='word_1_156' title='bbox 1105 1427 1359 1466; x_wconf 83' lang='lat' dir='ltr'>Plutarcheam</span> <span class='ocrx_word' id='word_1_157' title='bbox 1387 1465 1391 1467; x_wconf 71' lang='grc'>,</span> <span class='ocrx_word' id='word_1_158' title='bbox 1405 1442 1446 1465; x_wconf 84' lang='lat' dir='ltr'>ex</span> <span class='ocrx_word' id='word_1_159' title='bbox 1473 1429 1597 1465; x_wconf 79' lang='lat' dir='ltr'>multis</span> <span class='ocrx_word' id='word_1_160' title='bbox 1627 1416 1654 1428; x_wconf 55' lang='lat'>&#39;¹</span> 
     </span>
     <span class='ocr_line' id='line_1_19' title="bbox 155 1490 1596 1537; baseline -0.001 -10"><span class='ocrx_word' id='word_1_161' title='bbox 155 1491 340 1527; x_wconf 88' lang='lat' dir='ltr'>variorum</span> <span class='ocrx_word' id='word_1_162' title='bbox 366 1491 584 1536; x_wconf 88' lang='lat' dir='ltr'>scriptorum</span> <span class='ocrx_word' id='word_1_163' title='bbox 609 1491 799 1536; x_wconf 86' lang='lat' dir='ltr'>particulis</span> <span class='ocrx_word' id='word_1_164' title='bbox 825 1490 1060 1535; x_wconf 85' lang='lat' dir='ltr'>compositam</span> <span class='ocrx_word' id='word_1_165' title='bbox 1089 1502 1164 1526; x_wconf 87' lang='lat' dir='ltr'>esse</span> <span class='ocrx_word' id='word_1_166' title='bbox 1188 1503 1301 1537; x_wconf 90' lang='lat' dir='ltr'>neque</span> <span class='ocrx_word' id='word_1_167' title='bbox 1329 1503 1488 1537; x_wconf 88' lang='lat' dir='ltr'>unquam</span> <span class='ocrx_word' id='word_1_168' title='bbox 1515 1503 1596 1526; x_wconf 86' lang='lat' dir='ltr'>eum</span> 
     </span>
     <span class='ocr_line' id='line_1_20' title="bbox 156 1549 1601 1598; baseline 0 -11"><span class='ocrx_word' id='word_1_169' title='bbox 156 1565 221 1598; x_wconf 86' lang='lat' dir='ltr'>per</span> <span class='ocrx_word' id='word_1_170' title='bbox 234 1553 351 1587; x_wconf 87' lang='lat' dir='ltr'>multa</span> <span class='ocrx_word' id='word_1_171' title='bbox 378 1553 498 1598; x_wconf 86' lang='lat' dir='ltr'>capita</span> <span class='ocrx_word' id='word_1_172' title='bbox 525 1565 637 1587; x_wconf 90' lang='lat' dir='ltr'>unum</span> <span class='ocrx_word' id='word_1_173' title='bbox 662 1555 847 1588; x_wconf 84' lang='lat' dir='ltr'>auctorem</span> <span class='ocrx_word' id='word_1_174' title='bbox 873 1554 1046 1595; x_wconf 87' lang='lat' dir='ltr'>secutum,</span> <span class='ocrx_word' id='word_1_175' title='bbox 1065 1552 1229 1588; x_wconf 86' lang='lat' dir='ltr'>Frickius</span> <span class='ocrx_word' id='word_1_176' title='bbox 1255 1555 1376 1589; x_wconf 86' lang='lat' dir='ltr'>tamen</span> <span class='ocrx_word' id='word_1_177' title='bbox 1394 1553 1440 1588; x_wconf 82' lang='lat' dir='ltr'>in</span> <span class='ocrx_word' id='word_1_178' title='bbox 1466 1565 1499 1588; x_wconf 91' lang='lat' dir='ltr'>v.</span> <span class='ocrx_word' id='word_1_179' title='bbox 1525 1549 1601 1588; x_wconf 85' lang='lat' dir='ltr'>Alc.</span> 
     </span>
     <span class='ocr_line' id='line_1_21' title="bbox 159 1611 1601 1662; baseline 0.001 -12"><span class='ocrx_word' id='word_1_180' title='bbox 159 1626 189 1652; x_wconf 90' lang='lat' dir='ltr'>c.</span> <span class='ocrx_word' id='word_1_181' title='bbox 234 1615 378 1652; x_wconf 54' lang='lat'>18-„37</span> <span class='ocrx_word' id='word_1_182' title='bbox 427 1613 589 1662; x_wconf 89' lang='lat' dir='ltr'>(praeter</span> <span class='ocrx_word' id='word_1_183' title='bbox 630 1626 746 1660; x_wconf 85' lang='lat' dir='ltr'>pauca</span> <span class='ocrx_word' id='word_1_184' title='bbox 783 1611 848 1649; x_wconf 90' lang='lat' dir='ltr'>illa</span> <span class='ocrx_word' id='word_1_185' title='bbox 884 1626 925 1649; x_wconf 83' lang='lat' dir='ltr'>ex</span> <span class='ocrx_word' id='word_1_186' title='bbox 959 1614 1097 1650; x_wconf 90' lang='lat' dir='ltr'>Duride</span> <span class='ocrx_word' id='word_1_187' title='bbox 1142 1617 1288 1661; x_wconf 89' lang='lat' dir='ltr'>sumpta</span> <span class='ocrx_word' id='word_1_188' title='bbox 1329 1627 1358 1652; x_wconf 87' lang='lat' dir='ltr'>c.</span> <span class='ocrx_word' id='word_1_189' title='bbox 1389 1615 1436 1652; x_wconf 81' lang='lat'>23</span> <span class='ocrx_word' id='word_1_190' title='bbox 1472 1617 1509 1650; x_wconf 86' lang='lat' dir='ltr'>et</span> <span class='ocrx_word' id='word_1_191' title='bbox 1535 1615 1601 1655; x_wconf 74' lang='lat'>32)</span> 
     </span>
     <span class='ocr_line' id='line_1_22' title="bbox 163 1675 1605 1722; baseline 0 -12"><span class='ocrx_word' id='word_1_192' title='bbox 163 1688 273 1710; x_wconf 90' lang='lat' dir='ltr'>unum</span> <span class='ocrx_word' id='word_1_193' title='bbox 301 1676 486 1720; x_wconf 85' lang='lat' dir='ltr'>Ephorum</span> <span class='ocrx_word' id='word_1_194' title='bbox 511 1676 557 1710; x_wconf 90' lang='lat' dir='ltr'>ab</span> <span class='ocrx_word' id='word_1_195' title='bbox 584 1688 625 1710; x_wconf 90' lang='lat' dir='ltr'>eo</span> <span class='ocrx_word' id='word_1_196' title='bbox 651 1675 854 1710; x_wconf 89' lang='lat' dir='ltr'>adhibitum</span> <span class='ocrx_word' id='word_1_197' title='bbox 881 1687 956 1710; x_wconf 88' lang='lat' dir='ltr'>esse</span> <span class='ocrx_word' id='word_1_198' title='bbox 992 1675 1141 1710; x_wconf 87' lang='lat' dir='ltr'>censuit.</span> <span class='ocrx_word' id='word_1_199' title='bbox 1196 1675 1271 1711; x_wconf 88' lang='lat' dir='ltr'>Nos</span> <span class='ocrx_word' id='word_1_200' title='bbox 1307 1676 1419 1722; x_wconf 88' lang='lat' dir='ltr'>igitur</span> <span class='ocrx_word' id='word_1_201' title='bbox 1459 1676 1605 1710; x_wconf 87' lang='lat' dir='ltr'>demon-</span> 
     </span>
     <span class='ocr_line' id='line_1_23' title="bbox 161 1727 1606 1789; baseline 0 -17"><span class='ocrx_word' id='word_1_202' title='bbox 161 1740 278 1772; x_wconf 88' lang='lat' dir='ltr'>strare</span> <span class='ocrx_word' id='word_1_203' title='bbox 305 1737 425 1772; x_wconf 86' lang='lat' dir='ltr'>conati</span> <span class='ocrx_word' id='word_1_204' title='bbox 452 1748 575 1772; x_wconf 88' lang='lat' dir='ltr'>sumus</span> <span class='ocrx_word' id='word_1_205' title='bbox 603 1736 713 1772; x_wconf 90' lang='lat' dir='ltr'>etiam</span> <span class='ocrx_word' id='word_1_206' title='bbox 748 1736 786 1771; x_wconf 92' lang='lat' dir='ltr'>in</span> <span class='ocrx_word' id='word_1_207' title='bbox 813 1736 868 1772; x_wconf 89' lang='lat' dir='ltr'>his</span> <span class='ocrx_word' id='word_1_208' title='bbox 895 1727 1083 1774; x_wconf 75' lang='lat' dir='ltr'>Plutarchi</span> <span class='ocrx_word' id='word_1_209' title='bbox 1111 1735 1356 1789; x_wconf 76' lang='lat' dir='ltr'>narrationem</span> <span class='ocrx_word' id='word_1_210' title='bbox 1386 1749 1427 1772; x_wconf 87' lang='lat' dir='ltr'>ex</span> <span class='ocrx_word' id='word_1_211' title='bbox 1456 1737 1606 1783; x_wconf 89' lang='lat' dir='ltr'>singulis</span> 
     </span>
     <span class='ocr_line' id='line_1_24' title="bbox 160 1793 1601 1844; baseline 0 -11"><span class='ocrx_word' id='word_1_212' title='bbox 160 1799 398 1844; x_wconf 87' lang='lat' dir='ltr'>complurium</span> <span class='ocrx_word' id='word_1_213' title='bbox 424 1799 640 1843; x_wconf 89' lang='lat' dir='ltr'>scriptorum</span> <span class='ocrx_word' id='word_1_214' title='bbox 666 1798 853 1843; x_wconf 86' lang='lat' dir='ltr'>particulis</span> <span class='ocrx_word' id='word_1_215' title='bbox 884 1798 937 1833; x_wconf 86' lang='lat' dir='ltr'>ita</span> <span class='ocrx_word' id='word_1_216' title='bbox 977 1798 1264 1844; x_wconf 86' lang='lat' dir='ltr'>conglutinatam</span> <span class='ocrx_word' id='word_1_217' title='bbox 1303 1810 1388 1844; x_wconf 76' lang='lat' dir='ltr'>esse,</span> <span class='ocrx_word' id='word_1_218' title='bbox 1422 1793 1471 1833; x_wconf 53' lang='lat' dir='ltr'>&#39;ut</span> <span class='ocrx_word' id='word_1_219' title='bbox 1495 1810 1601 1843; x_wconf 85' lang='lat' dir='ltr'>saepe</span> 
     </span>
     <span class='ocr_line' id='line_1_25' title="bbox 161 1859 1606 1906; baseline 0.001 -13"><span class='ocrx_word' id='word_1_220' title='bbox 161 1860 197 1894; x_wconf 92' lang='lat' dir='ltr'>in</span> <span class='ocrx_word' id='word_1_221' title='bbox 213 1859 340 1894; x_wconf 84' lang='lat' dir='ltr'>mediis</span> <span class='ocrx_word' id='word_1_222' title='bbox 361 1859 547 1894; x_wconf 87' lang='lat' dir='ltr'>sententiis</span> <span class='ocrx_word' id='word_1_223' title='bbox 568 1859 614 1894; x_wconf 89' lang='lat' dir='ltr'>ab</span> <span class='ocrx_word' id='word_1_224' title='bbox 640 1859 754 1894; x_wconf 89' lang='lat' dir='ltr'>altero</span> <span class='ocrx_word' id='word_1_225' title='bbox 781 1860 928 1895; x_wconf 89' lang='lat' dir='ltr'>auctore</span> <span class='ocrx_word' id='word_1_226' title='bbox 955 1859 1002 1894; x_wconf 90' lang='lat' dir='ltr'>ad</span> <span class='ocrx_word' id='word_1_227' title='bbox 1028 1860 1182 1895; x_wconf 89' lang='lat' dir='ltr'>alterum</span> <span class='ocrx_word' id='word_1_228' title='bbox 1208 1860 1538 1906; x_wconf 77' lang='lat' dir='ltr'>transgrecleretur3</span> <span class='ocrx_word' id='word_1_229' title='bbox 1566 1872 1606 1894; x_wconf 81' lang='lat' dir='ltr'>cx</span> 
     </span>
     <span class='ocr_line' id='line_1_26' title="bbox 162 1920 1607 1966; baseline 0 -11"><span class='ocrx_word' id='word_1_230' title='bbox 162 1933 233 1966; x_wconf 88' lang='lat' dir='ltr'>quo</span> <span class='ocrx_word' id='word_1_231' title='bbox 275 1920 506 1965; x_wconf 88' lang='lat' dir='ltr'>consequitur</span> <span class='ocrx_word' id='word_1_232' title='bbox 538 1922 580 1954; x_wconf 90' lang='lat' dir='ltr'>ut</span> <span class='ocrx_word' id='word_1_233' title='bbox 624 1932 648 1954; x_wconf 95' lang='lat' dir='ltr'>n</span> <span class='ocrx_word' id='word_1_234' title='bbox 664 1931 719 1954; x_wconf 93' lang='lat' dir='ltr'>us</span> <span class='ocrx_word' id='word_1_235' title='bbox 737 1931 884 1965; x_wconf 89' lang='lat' dir='ltr'>quam</span> <span class='ocrx_word' id='word_1_236' title='bbox 926 1921 1084 1956; x_wconf 88' lang='lat' dir='ltr'>liceat</span> <span class='ocrx_word' id='word_1_237' title='bbox 1124 1933 1173 1955; x_wconf 87' lang='lat' dir='ltr'>ex</span> <span class='ocrx_word' id='word_1_238' title='bbox 1215 1923 1431 1956; x_wconf 89' lang='lat' dir='ltr'>sentent</span> <span class='ocrx_word' id='word_1_239' title='bbox 1447 1921 1607 1956; x_wconf 85' lang='lat' dir='ltr'>iarum</span> 
     </span>
     <span class='ocr_line' id='line_1_27' title="bbox 163 1981 1609 2028; baseline 0.001 -12"><span class='ocrx_word' id='word_1_240' title='bbox 163 1994 185 2016; x_wconf 88' lang='lat' dir='ltr'>a</span> <span class='ocrx_word' id='word_1_241' title='bbox 207 1993 224 2016; x_wconf 87' lang='lat' dir='ltr'>c</span> <span class='ocrx_word' id='word_1_242' title='bbox 275 1993 437 2016; x_wconf 89' lang='lat' dir='ltr'>rerum</span> <span class='ocrx_word' id='word_1_243' title='bbox 489 1993 538 2017; x_wconf 89' lang='lat' dir='ltr'>co</span> <span class='ocrx_word' id='word_1_244' title='bbox 553 1981 813 2017; x_wconf 89' lang='lat' dir='ltr'>niunction</span> <span class='ocrx_word' id='word_1_245' title='bbox 830 1993 848 2016; x_wconf 89' lang='lat' dir='ltr'>e</span> <span class='ocrx_word' id='word_1_246' title='bbox 894 1982 1066 2028; x_wconf 86' lang='lat' dir='ltr'>qualis</span> <span class='ocrx_word' id='word_1_247' title='bbox 1112 1982 1235 2028; x_wconf 88' lang='lat' dir='ltr'>apud</span> <span class='ocrx_word' id='word_1_248' title='bbox 1279 1982 1609 2018; x_wconf 89' lang='lat' dir='ltr'>Plutarchum</span> 
     </span>
     <span class='ocr_line' id='line_1_28' title="bbox 164 2043 1609 2080; baseline 0 -1"><span class='ocrx_word' id='word_1_249' title='bbox 164 2045 307 2079; x_wconf 86' lang='lat' dir='ltr'>extat</span> <span class='ocrx_word' id='word_1_250' title='bbox 345 2043 665 2078; x_wconf 87' lang='lat' dir='ltr'>concludere</span> <span class='ocrx_word' id='word_1_251' title='bbox 707 2044 766 2078; x_wconf 87' lang='lat' dir='ltr'>ad</span> <span class='ocrx_word' id='word_1_252' title='bbox 801 2044 1001 2079; x_wconf 89' lang='lat' dir='ltr'>eundem</span> <span class='ocrx_word' id='word_1_253' title='bbox 1041 2047 1308 2080; x_wconf 87' lang='lat' dir='ltr'>auctorem</span> <span class='ocrx_word' id='word_1_254' title='bbox 1334 2044 1455 2080; x_wconf 89' lang='lat' dir='ltr'>illas</span> <span class='ocrx_word' id='word_1_255' title='bbox 1481 2044 1609 2079; x_wconf 83' lang='lat' dir='ltr'>refe-</span> 
     </span>
    </p>
   </div>
   <div class='ocr_carea' id='block_1_7' title="bbox 165 2099 1611 2151">
    <p class='ocr_par' dir='ltr' id='par_1_7' title="bbox 165 2099 1611 2151">
     <span class='ocr_line' id='line_1_29' title="bbox 165 2099 1611 2151; baseline -0.001 -10"><span class='ocrx_word' id='word_1_256' title='bbox 165 2099 252 2141; x_wconf 77' lang='lat' dir='ltr'>ren</span> <span class='ocrx_word' id='word_1_257' title='bbox 268 2106 291 2140; x_wconf 90' lang='lat' dir='ltr'>d</span> <span class='ocrx_word' id='word_1_258' title='bbox 306 2116 354 2140; x_wconf 84' lang='lat' dir='ltr'>as</span> <span class='ocrx_word' id='word_1_259' title='bbox 382 2117 399 2141; x_wconf 90' lang='lat' dir='ltr'>e</span> <span class='ocrx_word' id='word_1_260' title='bbox 413 2117 454 2141; x_wconf 86' lang='lat' dir='ltr'>ss</span> <span class='ocrx_word' id='word_1_261' title='bbox 469 2117 505 2148; x_wconf 88' lang='lat' dir='ltr'>e,</span> <span class='ocrx_word' id='word_1_262' title='bbox 532 2105 629 2151; x_wconf 86' lang='lat' dir='ltr'>quod</span> <span class='ocrx_word' id='word_1_263' title='bbox 655 2105 864 2150; x_wconf 86' lang='lat' dir='ltr'>saepissime</span> <span class='ocrx_word' id='word_1_264' title='bbox 888 2106 973 2141; x_wconf 86' lang='lat' dir='ltr'>fecit</span> <span class='ocrx_word' id='word_1_265' title='bbox 999 2106 1162 2142; x_wconf 85' lang='lat' dir='ltr'>Frickius</span> <span class='ocrx_word' id='word_1_266' title='bbox 1184 2106 1225 2151; x_wconf 84' lang='lat'>¹).</span> <span class='ocrx_word' id='word_1_267' title='bbox 1274 2106 1348 2142; x_wconf 85' lang='lat' dir='ltr'>Nec</span> <span class='ocrx_word' id='word_1_268' title='bbox 1374 2106 1491 2141; x_wconf 84' lang='lat' dir='ltr'>minus</span> <span class='ocrx_word' id='word_1_269' title='bbox 1516 2105 1611 2141; x_wconf 89' lang='lat' dir='ltr'>idem</span> 
     </span>
    </p>
   </div>
   <div class='ocr_carea' id='block_1_8' title="bbox 163 2241 1612 2505">
    <p class='ocr_par' dir='ltr' id='par_1_8' title="bbox 163 2241 1612 2505">
     <span class='ocr_line' id='line_1_30' title="bbox 254 2241 1609 2285; baseline -0.001 -9"><span class='ocrx_word' id='word_1_270' title='bbox 254 2245 275 2283; x_wconf 90' lang='lat'>¹)</span> <span class='ocrx_word' id='word_1_271' title='bbox 300 2244 422 2284; x_wconf 87' lang='lat' dir='ltr'>Neque</span> <span class='ocrx_word' id='word_1_272' title='bbox 446 2243 565 2275; x_wconf 87' lang='lat' dir='ltr'>tamen</span> <span class='ocrx_word' id='word_1_273' title='bbox 594 2241 821 2275; x_wconf 87' lang='lat' dir='ltr'>concesserim</span> <span class='ocrx_word' id='word_1_274' title='bbox 851 2242 943 2283; x_wconf 88' lang='lat' dir='ltr'>quod</span> <span class='ocrx_word' id='word_1_275' title='bbox 975 2242 1169 2276; x_wconf 82' lang='lat' dir='ltr'>Stedefeldt</span> <span class='ocrx_word' id='word_1_276' title='bbox 1191 2243 1206 2284; x_wconf 64' lang='grc' dir='ltr'>ζ</span> <span class='ocrx_word' id='word_1_277' title='bbox 1210 2255 1243 2285; x_wconf 92' lang='lat' dir='ltr'>p.</span> <span class='ocrx_word' id='word_1_278' title='bbox 1268 2242 1310 2275; x_wconf 84' lang='lat'>52</span> <span class='ocrx_word' id='word_1_279' title='bbox 1335 2244 1399 2284; x_wconf 82' lang='lat' dir='ltr'>sq.)</span> <span class='ocrx_word' id='word_1_280' title='bbox 1422 2243 1464 2275; x_wconf 89' lang='lat' dir='ltr'>de</span> <span class='ocrx_word' id='word_1_281' title='bbox 1488 2242 1609 2284; x_wconf 74' lang='lat' dir='ltr'>v.Lys.</span> 
     </span>
     <span class='ocr_line' id='line_1_31' title="bbox 164 2296 1609 2339; baseline 0 -9"><span class='ocrx_word' id='word_1_282' title='bbox 164 2310 191 2331; x_wconf 84' lang='lat' dir='ltr'>c.</span> <span class='ocrx_word' id='word_1_283' title='bbox 217 2299 236 2330; x_wconf 82' lang='lat'>3</span> <span class='ocrx_word' id='word_1_284' title='bbox 258 2316 296 2322; x_wconf 91' lang='lat'>-—</span> <span class='ocrx_word' id='word_1_285' title='bbox 316 2299 336 2329; x_wconf 86' lang='lat'><strong>7</strong></span> <span class='ocrx_word' id='word_1_286' title='bbox 369 2297 435 2331; x_wconf 87' lang='lat' dir='ltr'>sibi</span> <span class='ocrx_word' id='word_1_287' title='bbox 470 2297 564 2331; x_wconf 84' lang='lat' dir='ltr'>visus</span> <span class='ocrx_word' id='word_1_288' title='bbox 596 2298 648 2329; x_wconf 80' lang='lat' dir='ltr'>est</span> <span class='ocrx_word' id='word_1_289' title='bbox 671 2297 809 2337; x_wconf 84' lang='lat' dir='ltr'>eruisse,</span> <span class='ocrx_word' id='word_1_290' title='bbox 849 2296 1077 2330; x_wconf 88' lang='lat' dir='ltr'>Plutarchum</span> <span class='ocrx_word' id='word_1_291' title='bbox 1107 2309 1147 2331; x_wconf 87' lang='lat' dir='ltr'>ea</span> <span class='ocrx_word' id='word_1_292' title='bbox 1183 2307 1272 2339; x_wconf 78' lang='lat' dir='ltr'>quae</span> <span class='ocrx_word' id='word_1_293' title='bbox 1307 2308 1348 2330; x_wconf 79' lang='lat' dir='ltr'>ex</span> <span class='ocrx_word' id='word_1_294' title='bbox 1372 2297 1609 2339; x_wconf 79' lang='lat' dir='ltr'>compluribus</span> 
     </span>
     <span class='ocr_line' id='line_1_32' title="bbox 164 2349 1612 2396; baseline -0.001 -10"><span class='ocrx_word' id='word_1_295' title='bbox 164 2353 390 2395; x_wconf 79' lang='lat' dir='ltr'>scriptoribus</span> <span class='ocrx_word' id='word_1_296' title='bbox 414 2349 741 2395; x_wconf 63' lang='lat' dir='ltr'>pemmo-tradat,</span> <span class='ocrx_word' id='word_1_297' title='bbox 770 2352 876 2385; x_wconf 86' lang='lat' dir='ltr'>antea</span> <span class='ocrx_word' id='word_1_298' title='bbox 910 2351 975 2384; x_wconf 85' lang='lat' dir='ltr'>illa</span> <span class='ocrx_word' id='word_1_299' title='bbox 1011 2352 1153 2394; x_wconf 89' lang='lat' dir='ltr'>quidem</span> <span class='ocrx_word' id='word_1_300' title='bbox 1187 2353 1343 2396; x_wconf 84' lang='lat' dir='ltr'>perlecta</span> <span class='ocrx_word' id='word_1_301' title='bbox 1376 2363 1417 2385; x_wconf 82' lang='lat' dir='ltr'>ex</span> <span class='ocrx_word' id='word_1_302' title='bbox 1446 2351 1612 2385; x_wconf 86' lang='lat' dir='ltr'>memoria</span> 
     </span>
     <span class='ocr_line' id='line_1_33' title="bbox 164 2406 1611 2454; baseline -0.001 -15"><span class='ocrx_word' id='word_1_303' title='bbox 164 2408 292 2441; x_wconf 83' lang='lat' dir='ltr'>litteris</span> <span class='ocrx_word' id='word_1_304' title='bbox 317 2407 518 2454; x_wconf 84' lang='lat' dir='ltr'>mandasse;</span> <span class='ocrx_word' id='word_1_305' title='bbox 541 2416 675 2449; x_wconf 78' lang='lat' dir='ltr'>semper</span> <span class='ocrx_word' id='word_1_306' title='bbox 699 2406 792 2439; x_wconf 80' lang='lat' dir='ltr'>onim</span> <span class='ocrx_word' id='word_1_307' title='bbox 805 2406 964 2449; x_wconf 80' lang='lat' dir='ltr'>quamvis</span> <span class='ocrx_word' id='word_1_308' title='bbox 988 2417 1030 2440; x_wconf 85' lang='lat' dir='ltr'>ex</span> <span class='ocrx_word' id='word_1_309' title='bbox 1054 2407 1175 2440; x_wconf 79' lang='lat' dir='ltr'>multis</span> <span class='ocrx_word' id='word_1_310' title='bbox 1194 2406 1417 2449; x_wconf 78' lang='lat' dir='ltr'>scriptoribus</span> <span class='ocrx_word' id='word_1_311' title='bbox 1435 2406 1611 2449; x_wconf 82' lang='lat' dir='ltr'>permixta</span> 
     </span>
     <span class='ocr_line' id='line_1_34' title="bbox 163 2456 1612 2505; baseline -0.001 -9"><span class='ocrx_word' id='word_1_312' title='bbox 163 2464 199 2496; x_wconf 88' lang='lat' dir='ltr'>et</span> <span class='ocrx_word' id='word_1_313' title='bbox 223 2462 467 2504; x_wconf 81' lang='lat' dir='ltr'>conglutinata.</span> <span class='ocrx_word' id='word_1_314' title='bbox 489 2462 536 2495; x_wconf 84' lang='lat' dir='ltr'>sit</span> <span class='ocrx_word' id='word_1_315' title='bbox 570 2462 643 2496; x_wconf 82' lang='lat' dir='ltr'>eius</span> <span class='ocrx_word' id='word_1_316' title='bbox 667 2461 835 2502; x_wconf 73' lang='lat' dir='ltr'>narratio,</span> <span class='ocrx_word' id='word_1_317' title='bbox 874 2464 995 2496; x_wconf 78' lang='lat' dir='ltr'>tamen</span> <span class='ocrx_word' id='word_1_318' title='bbox 1030 2463 1135 2505; x_wconf 86' lang='lat' dir='ltr'>(quod</span> <span class='ocrx_word' id='word_1_319' title='bbox 1162 2463 1205 2495; x_wconf 90' lang='lat' dir='ltr'>de</span> <span class='ocrx_word' id='word_1_320' title='bbox 1236 2462 1307 2495; x_wconf 88' lang='lat' dir='ltr'>illis</span> <span class='ocrx_word' id='word_1_321' title='bbox 1342 2456 1513 2504; x_wconf 81' lang='lat' dir='ltr'>capitibus</span> <span class='ocrx_word' id='word_1_322' title='bbox 1537 2462 1612 2504; x_wconf 85' lang='lat' dir='ltr'>ipse</span> 
     </span>
    </p>
   </div>
   <div class='ocr_carea' id='block_1_9' title="bbox 1710 0 1755 468">
    <p class='ocr_par' dir='ltr' id='par_1_9' title="bbox 1710 0 1755 468">
     <span class='ocr_line' id='line_1_35' title="bbox 1710 0 1755 468; baseline 0 2424"><span class='ocrx_word' id='word_1_323' title='bbox 1710 0 1755 468; x_wconf 95' lang='lat' dir='ltr'> </span> 
     </span>
    </p>
   </div>
  </div>
 </body>
</html>
