1755 2892
860 157 910 200 31

175 302 270 339 que
307 288 635 335 adhibuerit,
682 289 962 326 nonnullla
999 291 1168 326 tamen
1203 301 1258 325 ex
1299 287 1616 333 Theopompo

172 353 458 399 deprompta
509 351 614 387 eius
669 346 955 387 narrationi
1008 351 1293 399 addiderit,
1345 349 1511 396 equidem
1548 360 1620 385 non

171 413 310 453 dubito.
362 412 505 461 Apud
544 412 818 448 Diodorum
843 413 964 448 autem
989 424 1102 459 usque
1129 413 1175 448 ad
1199 413 1295 449 hunc
1320 411 1440 447 locum
1466 410 1620 446 Theo-

171 474 343 523 pompi
386 474 705 510 relationem
756 476 935 510 extare
974 474 1212 510 certissimum
1253 476 1319 512 est.
1385 473 1484 516 Quae
1524 472 1620 507 enim

171 535 288 572 tradit
311 535 355 571 de
380 535 487 571 rebus
514 535 560 570 ab
575 535 775 571 Alcibiade
801 535 912 582 gestis
938 547 1052 583 usque
1078 537 1125 571 ad
1150 536 1305 572 reditum
1333 535 1409 571 eius
1433 535 1471 569 in
1491 534 1618 569 urbem

142 604 147 609 ¹
172 609 214 633 ex
240 607 311 632 uno
337 596 512 642 scriptore
550 598 695 642 sumpta
734 607 809 632 esse
847 598 884 632 et
924 596 974 632 eis
1016 597 1123 633 rebus
1152 597 1408 642 comprobatur
1434 607 1526 642 quae
1553 606 1618 641 per

172 660 289 695 totam
322 658 414 694 hanc
457 658 701 694 narrationem
739 658 909 701 differunt
946 669 968 694 a
1011 658 1243 705 Xenophonte
1283 655 1402 708 (velut
1445 656 1541 704 quod
1569 656 1613 691 de

171 720 323 757 ducibus
344 720 617 756 Atheniensium
643 720 781 757 diverse
806 720 960 756 tradidit
1000 719 1203 766 Diodorus),
1246 722 1282 756 et
1319 731 1452 767 magna
1486 719 1550 754 illa
1577 719 1614 754 in

171 781 301 829 pugnis
335 786 370 818 et
388 781 647 831 ‘obsidionibus
688 782 929 818 describendis
969 781 1222 825 similitudine;
1258 793 1364 827 quem
1403 782 1616 826 scriptorem

172 843 442 889 Theopompum
468 855 544 879 esse
579 855 661 879 cum
687 843 769 879 inde
803 843 923 891 colligi
959 845 1089 889 potest,
1132 844 1228 890 quod
1263 855 1318 879 res
1346 844 1392 879 ab
1426 842 1615 878 Alcibiade

173 908 210 942 et
235 917 258 941 a
280 904 500 941 Theramene
525 907 647 952 gestae
675 907 883 941 constanter
906 905 1098 951 praecipue
1136 907 1321 948 ornantur,
1365 907 1444 940 tum
1479 917 1521 940 ex
1553 905 1617 939 illa

173 966 216 1002 de
242 965 349 1001 Endii
373 964 554 1013 legatione
579 966 762 1010 memoria,
791 966 830 1001 in
855 977 928 1012 qua
953 977 995 1002 ea
1023 977 1132 1012 quam
1158 966 1340 1012 superiore
1365 959 1484 1011 capite
1501 965 1615 1001 Theo-

172 1028 297 1075 pompi
321 1028 508 1076 propriam
548 1040 624 1065 esse
662 1028 819 1065 vidimus
858 1029 901 1065 de
940 1028 996 1065 his
1032 1029 1139 1065 rebus
1177 1028 1355 1065 sententia
1394 1028 1618 1073 apertissime

173 1090 344 1129 cernitur.
396 1090 497 1125 Illius
518 1093 639 1125 autem
664 1090 925 1126 sententiarum
940 1102 1093 1125 conexus
1119 1090 1200 1125 finis
1215 1092 1251 1125 et
1274 1091 1460 1135 tamquam
1478 1089 1619 1125 culmen

173 1163 245 1199 quo
272 1151 392 1188 omnia
414 1152 576 1198 spectent
601 1162 643 1188 ea
668 1163 761 1199 quae
786 1152 858 1188 iam
885 1151 1048 1199 sequitur
1073 1152 1235 1188 narratio
1262 1151 1313 1188 de
1339 1151 1617 1188 Alcibiadis

174 1214 226 1249 in
249 1226 274 1249 u
289 1226 307 1249 r
322 1215 429 1250 bem
456 1214 633 1250 reditu
659 1217 738 1258 est;
762 1215 806 1250 de
831 1226 903 1261 qua
931 1227 968 1250 re
995 1226 1076 1250 cum
1096 1215 1288 1260 ampliores
1315 1217 1502 1250 auctorum
1527 1214 1617 1249 rela-

172 1274 288 1310 tiones
319 1278 486 1311 servatae
519 1276 603 1320 sint,
642 1276 861 1321 Theopompi
902 1275 1062 1311 studium
1101 1278 1138 1311 et
1174 1276 1294 1322 opinio
1329 1287 1454 1311 rursus
1481 1275 1617 1321 liquido

173 1336 400 1383 perspicitur.
802 1381 805 1383 ,
1429 1342 1431 1345 ’

275 1398 516 1435 Cornelii
551 1399 797 1435 narrationem
839 1397 957 1445 (Alc.
989 1398 1022 1440 5,
1052 1399 1073 1435 5
1095 1398 1164 1444 -7,
1207 1399 1241 1443 1)
1278 1409 1357 1433 cum
1400 1398 1620 1445 Theopompi

173 1459 236 1494 illa
261 1471 355 1506 quae
381 1460 478 1505 apud
514 1459 713 1495 Diodorum
749 1461 850 1495 extat
882 1459 1166 1505 coniungendam
1202 1471 1277 1494 esse
1311 1460 1389 1505 ipsa
1429 1471 1471 1495 ea
1503 1471 1620 1505 pauca

173 1521 432 1565 demonstrant,
459 1532 551 1567 quae
580 1521 623 1556 de
647 1521 753 1556 rebus
769 1521 892 1567 vgestis
918 1520 964 1555 ab
984 1519 1182 1555 Alcibiadis
1208 1520 1255 1554 ad
1279 1520 1475 1555 exercitum
1501 1520 1620 1555 reditu

173 1593 285 1629 usque
310 1581 357 1618 ad
383 1581 539 1618 eiusdem
582 1582 620 1617 in
646 1582 771 1618 urbem
796 1581 952 1618 reditum
978 1581 1176 1633 praemissa
1203 1584 1298 1617 sunt.
1352 1581 1618 1618 Commemorat

173 1643 267 1678 enim
279 1642 579 1678 Lacedaemonios
604 1654 729 1688 pacem
754 1643 934 1688 petivisse,
962 1642 999 1676 id
1023 1642 1119 1688 quod
1144 1653 1259 1688 neque
1280 1642 1480 1688 Xenophon
1504 1654 1618 1688 neque

173 1702 389 1741 Plutarchus
406 1704 599 1740 memoriae
612 1703 783 1750 prodidit.
833 1703 970 1740 Deinde
985 1703 1151 1740 similiter
1173 1706 1282 1750 atque
1305 1704 1408 1750 apud'
1421 1704 1621 1740 Diodorum

173 1764 320 1801 maximi
335 1766 507 1802 momenti
519 1766 629 1801 fuisse
645 1766 815 1809 traditur,
852 1765 949 1811 quod
966 1765 1184 1810 Byzantium
1198 1765 1356 1810 ceperint
1368 1765 1620 1808 Athenienses;

176 1826 285 1863 etiam
309 1826 407 1873 quod
433 1837 476 1862 ea
501 1838 574 1873 qua
598 1825 803 1863 Alcibiades
840 1826 877 1862 in
912 1826 1026 1863 victos
1052 1838 1138 1863 usus
1164 1826 1212 1863 sit
1238 1826 1427 1864 clementia
1452 1827 1621 1875 laudibus

175 1888 331 1939 effertur,
370 1889 409 1924 id
444 1889 490 1923 ad
516 1900 558 1924 ea
585 1889 726 1924 videtur
755 1890 918 1933 spectare
952 1900 1045 1934 quae
1084 1889 1127 1923 de
1165 1888 1332 1934 Selybria
1371 1892 1407 1924 et
1442 1889 1618 1934 Byzantio

173 1944 313 1985 tradita
345 1950 430 1984 sunt
468 1959 491 1984 a
526 1948 685 1984 Diodoro
725 1950 762 1984 et
799 1947 1005 1987 Plutarcho⁴
1070 1948 1113 1984 In
1147 1949 1269 1985 reditu
1303 1949 1378 1986 eius
1416 1949 1453 1985 in
1495 1950 1621 1986 urbem

175 2010 406 2047 describendo
445 2010 629 2047 Cornelius
667 2011 823 2046 multum
862 2010 1042 2055 discrepat
1086 2022 1108 2045 a
1147 2011 1393 2056 Xenophonte.
1459 2010 1495 2048 Is
1527 2012 1621 2047 enim

175 2071 219 2118 (Ι,
248 2071 282 2115 4,
310 2072 333 2109 8
359 2072 428 2118 sq.)
454 2071 580 2116 tradit,
614 2073 809 2122 postquam
836 2071 1047 2118 Thrasyllus
1074 2072 1223 2108 classem
1249 2072 1432 2110 victricem
1459 2073 1621 2109 Athenas

175 2133 345 2178 duxisset,
373 2133 598 2173 Alcibiadem
622 2144 695 2169 non
721 2132 875 2179 amplius
908 2132 1036 2180 viginti
1069 2134 1222 2170 navibus
1248 2133 1286 2168 in
1311 2136 1458 2183 portum
1481 2135 1620 2171 venisse

176 2192 319 2244 ἔχοντα
358 2190 411 2230 τά
454 2193 648 2245 χρήματα,
687 2193 952 2243 sollicitumque
989 2194 1109 2239 fuisse,
1157 2206 1201 2231 ne
1240 2195 1393 2242 populus
1437 2196 1506 2232 sibi
1549 2208 1621 2233 non

174 2256 264 2294 satis
290 2256 439 2301 faveret,
463 2268 578 2304 neque
617 2256 718 2303 prius
757 2268 866 2303 quam
894 2257 1028 2293 amicos
1063 2269 1145 2293 suos
1182 2257 1220 2292 in
1246 2255 1477 2295 multitudine
1503 2259 1618 2294 anim·
1665 2300 1671 2306 -

127 2301 134 2314 ⁶
175 2318 392 2355 advertisset
435 2329 562 2354 ausum
597 2329 672 2353 esse
705 2318 744 2353 in
783 2320 920 2353 terram
957 2317 1051 2353 exire
1094 2317 1192 2365 μετά
1233 2321 1311 2353 τοῖν
1357 2331 1623 2368 παρεσκευασ-

176 2375 293 2429 μένων
346 2375 379 2414 εἴ
425 2390 486 2421 τις
525 2375 704 2415 ἅπτοιτο
747 2373 796 2426 μή
846 2375 1078 2427 ἐπιτρέπειν.
1144 2377 1279 2414 Contra
1316 2380 1409 2416 teste
1458 2379 1621 2417 Cornelio

175 2439 325 2477 advenit
364 2439 501 2486 ingenti
552 2440 688 2484 praeda
737 2441 906 2475 oneratus
953 2439 1059 2474 simul
1105 2450 1187 2474 cum
1236 2440 1397 2476 ducentis
1446 2442 1624 2484 navibus;
