1755 2892
880 205 931 244 44

174 332 291 383 παρ’
331 333 489 384 αὐτῷ
525 331 816 383 μέγιστον,
874 328 1013 377 ὅπως
1061 330 1243 378 αὐτὸς
1296 333 1366 371 ε’·π’
1420 333 1619 385 α’ζείας

173 393 578 444 χρηματίζηται
660 394 979 443 περιπλέων
1065 397 1155 431 καὶ
1234 388 1625 447 ἀκολασταίνῂ

173 453 587 504 μεθυσκόμενος
627 455 710 491 καὶ
769 455 945 494 συνών
997 455 1247 505 ἑταίραις
1299 455 1621 506 Ἀβυδηναῖς

172 516 262 553 καὶ
301 514 535 554 Ἰωνίσιν
571 513 961 567 ἐφορμούντων
988 515 1058 553 δι’
1101 516 1295 566 ὀλίγου
1336 522 1437 556 τῶν
1473 520 1620 557 πολε-

173 593 198 626 μ
213 577 226 614 ί
241 592 269 615 ω
284 593 316 618 ν.
371 578 488 623 Quam
532 580 809 627 accusationem,
848 591 927 615 cum
971 591 1078 616 verae
1117 580 1261 615 illorum
1304 592 1452 617 casuum
1491 593 1619 618 causae

169 641 243 677 iam
266 641 452 687 superiore
478 641 598 688 capite
624 643 926 678 commemoratae
955 641 1038 689 sint,
1067 641 1231 678 consulto
1270 642 1308 678 in
1343 643 1461 680 maius
1486 644 1620 681 elatam

170 714 247 740 csse
272 704 476 750 suspiceris,
518 714 590 750 quo
625 703 741 749 magis
776 703 1041 749 perspiceretur
1078 701 1307 750 inimicorum
1333 704 1370 739 in
1392 704 1618 742 Alcibiadem

169 764 308 801 invidia
341 766 379 800 et
416 764 637 811 malignitas.
699 764 815 799 Addit
853 763 1072 800 Plutarchus
1109 766 1298 810 praeterea
1334 764 1433 812 quod
1471 766 1620 803 castella

169 826 235 862 illa
259 826 298 862 in
311 826 468 863 Thracia
494 825 682 862 muniisset
709 826 741 862 ei
769 826 910 862 crimini
939 826 1065 862 datum
1091 837 1179 873 esse,
1208 826 1295 873 quia
1320 829 1512 873 appareret
1538 840 1618 864 eum

169 888 207 923 in
233 888 356 934 patria
381 887 549 923 habitare
576 889 641 922 aut
666 899 738 924 non
765 899 871 934 posse
897 889 962 923 aut
987 887 1100 931 nolle;
1135 887 1371 924 Athenienses
1397 888 1510 935 igitur
1537 900 1618 925 cum

169 949 226 985 his
253 949 463 985 criminibus
491 949 737 992 credidissent,
777 949 870 985 alios
897 949 1004 985 duces
1045 940 1179 985 fecisse
1213 946 1508 997 ἐνδεικνυμένους
1545 949 1617 993 τήν

172 1006 270 1058 πρός
299 1009 436 1046 ἐκεῖνον
464 1005 577 1058 ὀργήν
603 1008 668 1044 καὶ
692 1008 908 1046 κακόνωιαν.

271 1069 461 1106 Plutarchi
483 1070 772 1117 igitur'narratio
800 1072 836 1106 et
862 1081 943 1106 cum
959 1069 1122 1105 Cornelio
1148 1071 1186 1105 et
1211 1081 1293 1105 cum
1307 1069 1467 1106 Diodoro
1493 1070 1618 1116 pleris-

135 1153 139 1160 ·
171 1142 240 1178 que
265 1131 372 1168 rebus
398 1131 577 1168 consentit
604 1134 640 1168 et
666 1134 740 1168 tres
765 1132 849 1167 illae
863 1131 1101 1174 narrationes,
1131 1142 1353 1180 quamquam
1371 1143 1437 1167 sua
1452 1143 1614 1179 quaeque

169 1192 281 1228 habet
306 1204 398 1239 quae
427 1204 501 1228 non
527 1195 650 1229 extent
692 1193 730 1228 in
764 1192 903 1239 ceteris,
945 1188 1068 1228 tamen
1108 1203 1224 1238 neque
1261 1191 1336 1228 ullo
1361 1192 1441 1229 loco
1467 1204 1615 1239 prorsus

170 1253 388 1290 dissentiunt
412 1254 507 1290 inter
534 1266 571 1290 se
612 1255 783 1301 (exceptis
809 1256 932 1290 tamen
962 1253 1013 1289 eis
1038 1264 1131 1300 quae
1156 1253 1375 1289 Plutarchus
1401 1265 1443 1290 ex
1469 1254 1613 1300 Ephoro

169 1315 371 1351 narrationi
396 1327 482 1352 suae
509 1315 681 1364 addidit),
722 1318 759 1351 et
795 1316 833 1351 in
865 1315 990 1351 multis
1013 1315 1067 1351 ita
1092 1315 1295 1362 cohaerent,
1320 1317 1362 1350 ut
1388 1315 1435 1351 ad
1464 1316 1614 1352 eundem

170 1378 354 1413 auctorem
380 1388 441 1413 eas
461 1377 669 1414 referendas
694 1389 769 1413 esse
795 1377 885 1413 satis
898 1378 1054 1420 constet3
1082 1387 1153 1422 quo
1178 1377 1341 1422 exemplo
1358 1377 1615 1423 comprobatur

169 1438 409 1483 complurium
428 1439 645 1484 scriptorum
668 1438 899 1474 narrationes
925 1449 967 1473 ex
982 1438 1105 1474 eodem
1127 1439 1274 1473 auctore
1290 1439 1453 1483 sumptas
1471 1438 1617 1475 minime

169 1511 309 1546 semper
334 1502 412 1535 tam
438 1500 572 1536 similes
598 1500 692 1536 inter
719 1511 756 1536 se
782 1511 874 1543 esse,
915 1501 957 1534 ut
996 1499 1074 1545 ipso
1114 1498 1239 1534 ordine
1277 1500 1314 1534 et
1350 1499 1454 1545 copia
1494 1510 1615 1535 rerum

168 1561 263 1598 inter
297 1573 334 1597 se
370 1561 598 1598 consentiant
632 1560 747 1610 (quod
784 1573 866 1597 cum
899 1572 971 1596 non
1008 1560 1243 1596 intellexisset
1281 1560 1340 1595 Fr
1355 1560 1488 1596 ickiu
1501 1572 1538 1607 s,
1576 1561 1614 1597 in

168 1623 400 1670 gravissimos
439 1635 577 1659 errores
622 1623 784 1668 incidit)1
826 1623 926 1659 velut
963 1622 1031 1658 hoc
1071 1622 1150 1657 loco
1198 1620 1383 1657 Cornelius
1424 1621 1522 1669 ipsas
1557 1633 1613 1659 res

167 1686 288 1732 gestas
313 1696 424 1732 quam
451 1684 629 1721 levissime
653 1684 784 1732 tangit,
829 1685 1011 1721 Diodorus
1049 1696 1131 1720 cum
1165 1684 1273 1729 plura
1312 1684 1357 1720 de
1392 1684 1443 1720 eis
1476 1685 1614 1732 tradat,

166 1746 257 1781 nihil
279 1744 354 1781 fere
380 1747 638 1781 commemorat
672 1746 716 1780 de
741 1745 860 1780 causis
887 1745 958 1780 inis
998 1741 1128 1791 quibus
1171 1744 1341 1780 commoti
1376 1744 1612 1782 Athenienses

167 1806 213 1842 ab
238 1806 438 1843 Alcibiadis
464 1806 653 1843 voluntate
679 1805 897 1849 deflexerint,
937 1805 1155 1842 Plutarchus
1181 1817 1223 1841 ex
1249 1805 1413 1852 utrisque
1439 1807 1611 1843 nonnulla

164 1868 298 1916 omisit,
313 1867 740 1914 praeterea.quibusdam
758 1879 800 1902 ex
823 1866 972 1912 Ephoro
992 1867 1127 1902 additis
1151 1878 1275 1903 rerum
1290 1866 1452 1902 ordinem
1463 1867 1613 1912 paulum

162 1929 331 1965 turbavit
347 1928 387 1974 ¹).
443 1929 530 1965 Tres
557 1931 679 1965 autem
704 1928 787 1964 illas
818 1929 1056 1976 narrationes,
1083 1939 1174 1976 quas
1213 1928 1308 1964 inter
1347 1939 1383 1965 se
1409 1928 1611 1976 iungendas

161 2002 237 2028 esse
263 1991 601 2034 demonstravimus,
627 2002 668 2026 cx
696 1990 928 2037 Theopompo
956 1990 1138 2027 derivatas
1165 2002 1239 2026 esse
1267 2002 1348 2032 cum
1372 2001 1412 2026 eo
1447 2002 1611 2037 compro-

158 2052 290 2096 batur,
340 2052 437 2098 quod
475 2063 557 2088 cum
582 2049 723 2098 reliqua
749 2050 824 2088 eius
849 2052 1059 2088 narratione
1085 2051 1265 2088 artissime
1292 2049 1500 2096 cohaerent,
1531 2054 1611 2088 tum

160 2114 257 2160 quod
296 2113 335 2150 in
364 2113 413 2148 eis
440 2112 662 2160 Alcibiades,
707 2124 813 2160 quem
849 2113 1050 2159 Xenophon
1075 2113 1165 2150 satis
1199 2113 1361 2161 graviter
1399 2102 1609 2160 vituperare

158 2175 316 2222 videtur,
358 2186 468 2221 quam
507 2175 664 2210 maxime
691 2176 905 2218 excusatum
950 2175 997 2211 ab
1033 2175 1184 2221 imperio
1225 2175 1320 2210 enim
1345 2177 1507 2211 remotus
1534 2172 1610 2211 esse

158 2236 321 2273 traditur
346 2236 482 2283 partim
509 2238 657 2283 propter
683 2236 830 2272 illorum
867 2236 928 2283 qui
968 2237 1065 2283 apud
1101 2236 1339 2273 Plutarchum
1378 2236 1609 2283 appellantur

160 2298 197 2333 οἱ
224 2294 503 2334 δυνατώτατοι
532 2301 611 2334 τῶν
638 2298 812 2334 πολιτῶν
838 2299 974 2334 metum
1000 2298 1045 2335 de
1070 2298 1274 2345 tyrannide,
1301 2298 1436 2344 partim
1458 2300 1608 2345 propter

250 2435 271 2474 ¹)
307 2434 401 2474 Quae
433 2434 590 2468 Frickius
623 2435 666 2469 de
705 2435 761 2469 his
801 2436 962 2470 omnibus
1002 2436 1134 2481 profert
1179 2449 1212 2481 p.
1252 2436 1411 2476 76-86‚
1441 2436 1606 2484 pleraque

157 2488 248 2521 falsa
271 2490 364 2522 sunt.
