1755 2892
841 173 890 212 55

152 316 193 341 eo
220 303 366 350 erravit,
401 303 498 349 quod
537 302 771 338 Plutarchum
810 303 883 337 fere
925 314 1064 351 semper
1100 303 1179 348 ipsa
1213 303 1323 339 verba
1364 305 1472 348 atque
1507 301 1595 337 adeo

151 364 410 401 sententiarum
451 363 609 399 ordinem
659 375 700 398 ac
745 363 1034 399 coniunctionem
1079 376 1119 399 ex
1166 364 1216 399 eis
1254 359 1343 410 q'uos
1388 365 1596 410 sequeretur

151 425 360 462 auctoribus
382 424 607 469 exscripsisse
633 425 792 469 putavit3
819 425 856 459 in
882 425 1011 470 quibus
1032 425 1137 459 rebus
1154 436 1231 459 cum
1261 424 1386 459 ceteris
1408 422 1593 468 scriptori·

150 488 218 523 bus
244 486 366 532 aliqua
392 488 471 521 tum
497 485 613 533 {etiam
653 486 768 522 maior
795 486 990 523 Plutarcho
1028 486 1251 522 concedenda
1287 487 1342 521 est
1380 484 1530 519 libertas
1552 483 1593 529 1).

253 548 358 591 Quod
386 548 527 584 attinet*
552 548 611 582 ad
651 548 915 583 rationem
947 559 1081 593 quae
1125 547 1264 582 inter
1290 545 1595 591 Theopompi

109 609 440 655 'Ep‘hor‘ique
488 608 775 644 relationes
821 608 1114 644 intercedat
1154 611 1202 644 et
1250 606 1594 652 Thucydidem

152 670 535 716 Xenophontem
550 681 656 721 que,
704 669 769 705 hoc
810 669 956 705 maximi
994 670 1165 706 momenti
1209 672 1278 712 est,
1328 669 1424 715 quod
1461 669 1587 703 nostra

155 731 363 777 quaestione
391 731 545 766 efficitur
571 743 641 766 non
678 731 791 766 solum
830 730 1030 776 Ephorum,
1069 732 1129 766 sed
1171 732 1282 766 etiam
1324 731 1595 775 Theopompum

154 793 234 829 illos
275 792 313 827 'm
352 791 511 827 historiis
552 791 624 827 suis
666 791 862 826 scribendis
888 792 1092 827 adhibuisse
1137 794 1173 827 et
1211 792 1291 837 ipsa
1333 792 1445 828 verba
1470 801 1592 826 eorum

137 865 260 899 >saepe
287 853 509 898 expressisse.
564 852 644 888 Non
671 854 769 887 recte
794 852 907 898 igitur
932 852 1001 887 viri
1031 853 1126 887 docti
1146 854 1354 887 statuerunt
1377 862 1419 886 ea
1442 849 1593 885 Diodori

154 915 211 952 vel
223 914 419 958 Plutarchi,
437 926 527 960 quae
543 913 674 949 similia
700 916 817 949 essent
840 913 1040 960 Thucydidi
1065 914 1122 950 vel
1139 913 1377 959 Xenophonti,
1398 923 1470 947 non
1489 922 1592 957 posse

156 989 198 1013 ex
223 976 463 1022 Theopompo,
500 976 561 1011 sed
598 988 639 1010 ex
661 964 749 1010 >solo
784 976 927 1020 Ephoro
961 979 1106 1020 sumpta
1131 987 1216 1011 esse.
1273 975 1408 1009 Tamen
1435 984 1584 1019 prorsus

160 1037 233 1072 alia
271 1036 409 1072 ratione
443 1034 692 1081 Theopompus
719 1036 862 1070 illorum
904 1035 1015 1071 libros
1061 1036 1098 1070 in
1134 1047 1238 1070 usum
1279 1047 1382 1071 suum
1417 1031 1596 1069 convertit

155 1100 264 1144 atque
302 1090 478 1143 Ephorus.
546 1096 793 1142 Theopompus
841 1095 933 1132 enim
984 1096 1021 1131 in
1067 1097 1246 1142 plerisque
1289 1097 1334 1131 ab
1376 1096 1448 1131 illis
1489 1094 1595 1139 longe

156 1159 318 1195 discessit
345 1170 408 1193 nec
436 1158 550 1193 solum
576 1170 632 1193 res
660 1159 705 1192 ab
733 1158 782 1193 eis
817 1158 973 1194 traditas
1005 1159 1073 1201 eis,
1115 1169 1206 1204 quae
1242 1158 1318 1202 ipse
1355 1154 1593 1202 perquirendo

158 1219 406 1268 indagaverat,
435 1218 537 1255 auxit
562 1222 598 1255 et
625 1219 788 1265 explevit,
817 1231 921 1265 saepe
946 1219 1070 1263 etiam,
1096 1221 1138 1255 ut
1171 1219 1309 1266 aliquid
1345 1215 1592 1254 delectationis

155 1282 205 1317 eis
231 1282 389 1324 adderet,
405 1283 537 1316 temere
551 1281 757 1317 immutavit
779 1283 814 1316 et
841 1281 1039 1324 exornavit,
1069 1282 1129 1317 sed
1158 1281 1266 1316 etiam
1292 1292 1372 1315 cum
1388 1279 1504 1325 magis
1531 1290 1594 1313 suo

155 1342 197 1378 de
223 1342 426 1378 hominibus
454 1353 495 1377 ac
521 1342 627 1377 rebus
653 1342 783 1378 iudicio
809 1343 854 1378 ab
878 1343 928 1378 eis
946 1343 1148 1379 deflecteret
1163 1344 1330 1378 ettotam
1346 1340 1591 1376 narrationem

154 1403 201 1437 ad
242 1405 397 1437 mentem
432 1413 533 1436 suam
577 1402 813 1446 optimatibus
860 1403 1012 1437 amicam
1061 1410 1095 1438 et
1138 1403 1271 1448 populo
1319 1401 1589 1437 Atheniensium

153 1462 343 1499 infensam.
362 1463 667 1506 accommodaret,
701 1463 903 1499 simillimus
943 1466 998 1499 est
1034 1464 1131 1499 illius
1157 1463 1343 1513 ‚temporis
1376 1462 1595 1504 oratoribus,

155 1537 307 1571 quorum
348 1524 562 1570 discipulum
601 1537 680 1560 eum
714 1525 827 1567 ¹fuisse
875 1527 1017 1561 constat
1036 1525 1078 1570 ²).
1144 1525 1279 1561 Contra
1318 1524 1431 1559 multo
1478 1523 1594 1569 magis

154 1582 319 1632 Ephorus
347 1586 393 1621 ad
421 1589 585 1623 auctores
609 1599 691 1623 suos
718 1600 754 1623 se
781 1587 950 1634 applicat,
980 1588 1042 1634 qui
1066 1600 1179 1634 neque
1207 1600 1228 1623 a
1247 1586 1454 1632 Thucydide
1479 1597 1593 1632 neque

156 1658 178 1682 a
204 1647 439 1692 Xenophonte
472 1648 522 1694 (in
563 1648 612 1683 eis
638 1649 843 1694 praecipue,
885 1649 1015 1694 quibus
1046 1650 1077 1685 is
1119 1649 1208 1684 nihil
1247 1649 1315 1684 nisi
1348 1647 1534 1683 materiem
1572 1659 1593 1682 a

156 1763 348 1795 Stedefeldt
370 1764 561 1796 rectissime
595 1765 735 1804 statuit)
753 1808 756 1811 Δ
775 1776 901 1797 unum·
918 1767 1095 1798 auctorem
1132 1766 1314 1807 praecipue
1349 1766 1485 1797 secutus
1524 1774 1597 1798 esse

155 1818 190 1850 et
207 1827 319 1860 pauca
336 1818 476 1849 tantum
500 1827 540 1849 ex
560 1818 681 1850 ceteris
705 1818 808 1860 (quae
831 1819 860 1852 si
884 1819 936 1853 dis
963 1820 1077 1861 placet
1097 1819 1261 1852 memoria
1278 1818 1444 1858 tenuerit>
1461 1818 1599 1852 videtur

157 1871 352 1905 inseruisse.
398 1871 460 1904 Cui
484 1872 518 1903 id
543 1874 747 1913 argumento
771 1875 836 1912 est,
878 1875 969 1915 quod
1010 1885 1050 1906 ea
1079 1884 1168 1915 quae
1199 1873 1318 1905 eadem
1342 1873 1380 1905 in
1410 1872 1595 1905 Alcibiadis

158 1926 194 1958 et
217 1925 382 1966 Lysandri
407 1924 490 1958 vitis
514 1925 711 1965 traduntur,
736 1927 779 1958 ad
804 1928 947 1960 verbum
971 1924 1042 1961 fere
1065 1928 1158 1961 inter
1181 1938 1216 1961 se
1240 1928 1444 1970 congruunt,
1475 1937 1596 1968 quam-

117 1985 125 1988 “
155 1989 260 2021 quam
283 1979 321 2012 in
347 1991 378 2013 v.
403 1979 476 2012 Alc.
501 1980 669 2013 nonnulla
694 1991 735 2014 ex
759 1981 870 2015 altero
905 1983 1056 2025 quodam
1079 1983 1187 2022 fonte,
1222 1993 1289 2024 quo
1313 1982 1348 2014 in
1374 1994 1404 2015 v.
1428 1981 1500 2022 Lys.
1523 1992 1594 2015 non

154 2045 234 2067 usus
258 2036 320 2074 est,
345 2034 478 2067 inserta
501 2036 593 2068 suni.

244 2090 266 2129 ¹)
289 2089 449 2122 Ceterum
481 2090 590 2123 talem
620 2091 858 2131 quaestionem
887 2093 1027 2134 qualem
1057 2092 1092 2126 C.
1121 2093 1312 2134 Buenger
1340 2092 1393 2131 (eo
1422 2091 1510 2124 libro
1535 2090 1595 2133 qui

154 2143 355 2177 inscribitur
366 2144 608 2187 Theopompea
621 2146 846 2187 Argentorati
860 2148 956 2188 1874)
980 2147 1046 2180 sibi
1070 2147 1260 2190 proposuit,
1285 2146 1346 2188 qui
1370 2145 1597 2179 Plutarchi

157 2198 392 2231 orationem
424 2199 466 2230 et
497 2208 632 2240 genus
666 2199 838 2232 dicendi
867 2201 1134 2234 observando
1169 2201 1262 2234 eius
1296 2201 1443 2233 fontes
1477 2199 1598 2232 inda-

154 2262 254 2294 gare
277 2254 421 2303 conatus
445 2254 508 2292 est,
544 2264 612 2285 non
637 2253 710 2286 sine
734 2265 862 2297 magna
885 2255 1042 2288 utilitate
1065 2266 1137 2288 esse
1161 2255 1313 2288 libenter
1337 2254 1504 2293 concedo;
1539 2254 1599 2296 qui

154 2307 417 2350 Theopompi
447 2318 555 2349 genus
587 2306 727 2341 dicendi
758 2310 935 2342 nonnullis
959 2310 1138 2343 Plutarchi
1162 2310 1256 2348 locis,
1281 2310 1341 2351 qui
1366 2309 1473 2342 etiam
1499 2308 1597 2341 nobis

155 2360 199 2392 ad
222 2362 325 2394 illum
349 2361 512 2395 videntur
534 2361 706 2396 referendi
731 2374 813 2403 esse,
838 2363 978 2405 agnosci
1002 2364 1080 2397 vult
1102 2364 1157 2404 (cf.
1181 2376 1214 2407 p.
1237 2365 1280 2397 49
1303 2364 1377 2405 sq.).

239 2416 266 2455 ¹)
290 2416 396 2449 Velut
419 2416 574 2449 conferas
600 2417 759 2450 Isocratis
792 2418 985 2451 orationem
1015 2419 1083 2463 περὶ
1113 2415 1262 2459 ζεύγους,
1298 2429 1367 2461 qua
1397 2417 1595 2452 Alcibiades

152 2479 288 2511 prorsus
312 2470 418 2503 simili
442 2471 543 2504 modo
576 2474 681 2514 atque
714 2472 806 2516 apud
846 2473 1108 2515 Theopompum
1148 2474 1190 2506 de
1220 2474 1380 2507 omnibu·
1410 2473 1475 2510 eis,
1508 2481 1596 2513 quae
