1755 2892
877 218 924 255 41

100 383 102 385 ,
160 346 198 382 et
222 342 341 391 spatio
367 341 539 388 temporis
565 343 648 387 post
674 352 832 389 pugnam
856 341 903 377 ad
929 330 1094 378 Andrum
1120 342 1256 380 factam
1282 341 1512 383 intermisso3
1552 338 1602 375 ibi

159 405 254 442 enim
279 415 359 440 eum
386 404 432 439 ab
471 402 659 438 Alcibiade
694 402 873 449 praesidio
912 400 1078 439 relictum
1118 415 1192 440 csse
1231 402 1358 442 tradit.
1410 402 1605 438 Praeterea

160 477 240 505 eum
266 463 465 510 Xenophon
490 461 656 510 triginta,
696 462 895 500 Diodorus·
917 464 1123 511 quindecim
1161 476 1270 501 naves
1310 463 1479 501 habuisse
1506 473 1606 499 com·

159 526 347 572 memorat,
374 523 559 560 Abderam
586 525 712 560 urbem
738 524 936 570 Xenophon
958 537 1030 561 non
1056 526 1232 565 nominat.
1283 525 1339 561 Ea
1365 536 1458 572 quae
1483 523 1602 571 sequi-

159 591 220 626 tur
257 586 420 623 narratio
452 586 495 621 de
521 596 644 633 pugna
683 587 770 621 ante
809 597 930 622 muros
967 586 1067 623 urbis
1109 587 1155 623 ab
1201 586 1480 623 Atheniensibus
1519 597 1600 622 cum

159 648 277 697 Agide
302 646 492 684 commissa
518 658 540 681 a
566 646 653 682 viris
681 646 795 682 doctis
821 647 977 683 refertur
1002 647 1049 683 ad
1080 659 1122 683 ea
1148 659 1240 695 quae
1265 647 1464 694 Xenophon
1487 646 1603 684 tradit

160 711 188 755 Ι,
218 710 251 757 1,
278 708 339 755 32,
366 718 458 753 quae
482 709 604 743 tamen
630 718 778 752 prorsus
811 707 882 743 alio
908 709 1069 753 tempore
1104 709 1202 744 facta
1228 720 1303 744 esse
1330 710 1367 744 et
1395 708 1508 745 multo
1534 707 1601 744 mi-

159 770 257 808 noris
288 768 461 805 momenti
500 768 610 805 fuisse
649 770 803 805 constat.
870 768 1035 805 Ceterum
1072 770 1169 816 quod
1203 769 1384 806 Diodorus
1422 769 1490 806 hoc
1523 770 1602 806 loco

159 833 275 870 tradit
298 831 492 867 exercitum
518 830 893 872 Lacedaemoniorum,
933 830 995 876 qui
1031 830 1068 864 in
1101 830 1227 865 Attica
1252 830 1398 874 fuisset,
1435 830 1474 866 in
1498 830 1602 867 Pelo-

161 904 359 943 ponnesum
373 891 562 929 dimissum
589 903 680 937 esse,
704 893 740 928 et
760 891 879 938 ipsum
904 891 1024 928 differt
1048 884 1329 938 aXenophonte,
1357 892 1421 939 qui
1446 892 1602 929 alterum

160 953 526 992 Lacedaemoniorum
544 965 665 999 regem
679 954 763 998 post
783 964 942 998 pugnam
966 953 1063 998 apud
1089 953 1206 998 Aegos
1221 953 1352 987 flumen
1379 953 1604 988 commissam

102 1032 104 1034 ’
160 1015 331 1053 Deceleae
355 1013 543 1050 etiamtum
569 1012 679 1049 fuisse
706 1014 962 1049 commemorat
986 1012 1032 1057 II,
1060 1014 1094 1061 2,
1119 1014 1154 1061 7,
1183 1024 1263 1049 cum
1286 1013 1397 1052 Diod.
1424 1014 1554 1061 c.10'7,
1579 1014 1603 1052 2

160 1080 353 1122 utrumque
382 1075 507 1110 tradat
534 1075 692 1110 exercitu
717 1074 832 1109 denuo
860 1074 1008 1109 collecto
1035 1074 1073 1108 in
1099 1074 1260 1109 Atticam
1286 1073 1488 1119 profectum
1514 1086 1601 1112 esse.

261 1136 330 1172 De
374 1134 659 1170 Alcibiade
694 1134 750 1169 ab
790 1134 1011 1184 imperio
1046 1137 1243 1171 remoto
1282 1133 1479 1181 Xenophon
1514 1133 1604 1171 nihil

161 1197 277 1236 tradit
311 1197 380 1234 nisi
416 1197 522 1237 haec:
565 1196 801 1233 Athenienses
850 1197 913 1232 illa
951 1197 1049 1243 apud
1087 1197 1238 1233 Notium
1277 1208 1400 1244 pugna
1435 1197 1604 1233 nuntiata

162 1259 409 1307 aegretulisse
429 1261 529 1295 ratos
555 1270 641 1304 per
666 1258 1044 1305 neglegentiam
1072 1261 1121 1294 et
1147 1258 1611 1307 intemperantiam⁸

162 1333 243 1359 eum
268 1332 376 1358 naves
402 1320 483 1357 illas
512 1320 722 1367 perdidisse,
758 1331 910 1366 eamque
943 1320 989 1356 ob
1030 1332 1176 1357 causam
1212 1332 1272 1357 eos
1309 1319 1499 1367 imperinm
1525 1319 1605 1357 aliis

162 1383 371 1426 mandasse3
399 1380 529 1429 quibus
556 1382 694 1417 duobus
721 1379 838 1417 verbis
866 1379 922 1415 δι’
950 1378 1194 1427 ἀμέλειαν
1223 1380 1304 1416 καὶ
1329 1379 1605 1430 ἀκράτειαν

162 1443 361 1490 Xenophon
388 1454 490 1478 suam
517 1442 719 1488 opinionem
748 1441 893 1478 videtur
919 1442 1070 1488 aperire.
1125 1442 1241 1478 Addit
1268 1454 1362 1487 eum,
1391 1453 1471 1479 cum
1498 1441 1606 1477 etiam

161 1505 198 1540 in
225 1504 384 1540 exercitu
405 1504 553 1539 moleste
581 1501 747 1545 ferretur,
774 1503 812 1537 in
839 1503 1030 1538 Thraciam
1061 1503 1099 1537 in
1127 1503 1280 1539 castella
1317 1514 1385 1539 sua
1420 1514 1457 1539 se
1482 1504 1606 1539 contu-

160 1565 255 1604 lisse.
307 1564 539 1610 Xenophonti
566 1563 767 1600 simillimus
793 1565 848 1600 est
867 1560 1086 1601 Plutarchus
1113 1563 1198 1611 Lys.
1227 1575 1256 1601 c.
1285 1565 1319 1610 5,
1347 1564 1411 1601 ubi
1423 1564 1607 1612 Ephorum

162 1626 365 1664 adhibitum
391 1626 506 1663 videri
532 1637 644 1671 supra
670 1626 835 1664 diximus.

260 1687 384 1736 Longe
411 1688 524 1723 distat
550 1698 572 1723 a
597 1686 848 1733 Xenophonte
867 1686 961 1722 Dio
977 1686 999 1722 d
1014 1698 1034 1723 o
1051 1698 1106 1722 ru
1121 1698 1138 1723 s
1177 1686 1237 1736 ¹73,
1279 1686 1415 1732 3-74,
1465 1687 1501 1735 4,
1535 1697 1606 1734 quo

160 1751 253 1787 teste
292 1751 376 1800 post
411 1761 570 1797 pugnam
607 1749 655 1785 ad
692 1749 843 1785 Notium
880 1748 1107 1785 commissam
1147 1761 1220 1785 non
1254 1748 1382 1785 statim
1416 1749 1607 1795 imperium

162 1810 344 1847 Alcibiadi
370 1811 580 1857 abrogatur,
605 1809 684 1845 sed
686 1795 846 1845 alterum
874 1811 910 1845 et
935 1809 1048 1845 levius
1061 1810 1238 1855 proelium
1255 1809 1302 1845 ad
1318 1809 1452 1857 Cymen
1470 1808 1607 1847 factum

164 1874 345 1917 narratur,
383 1872 482 1919 quod
506 1873 543 1908 et
568 1871 687 1917 ipsum
712 1871 805 1907 male
831 1871 1001 1908 accidisse
1028 1870 1160 1908 dicitur
1226 1869 1272 1908 In
1298 1883 1370 1918 quo
1397 1872 1495 1918 quod
1520 1871 1606 1908 Dio-

165 1933 273 1970 dorus
299 1945 380 1969 eum
406 1933 492 1969 dicit
519 1932 682 1983 Cymaeis
710 1935 788 1968 tum
814 1933 990 1978 temporis
1011 1932 1285 1968 Atheniensium
1320 1932 1425 1968 sociis
1456 1930 1607 1978 ψευδεῖς

167 1992 295 2038 αἰτίας
324 1993 533 2043 ἐπιρρῖψαι,
559 1993 597 2029 id
623 2005 701 2030 eam
730 1995 775 2031 ob
802 2005 948 2030 causam
972 2006 1044 2031 non
1067 2006 1215 2042 gravem
1242 1994 1401 2031 continet
1426 1994 1607 2040 vitupera-

166 2056 319 2099 tionem,
362 2055 449 2102 quia
500 2057 647 2091 auctore
695 2055 925 2101 Theopompo
965 2055 1072 2092 duces
1115 2054 1387 2091 Atheniensium
1435 2054 1608 2091 eiusmodi

164 2115 458 2164 praedationibus
499 2117 669 2154 exercitui
696 2117 834 2155 victum
868 2128 1039 2164 quaerere
1065 2119 1214 2165 propter
1250 2117 1422 2164 pecuniae
1446 2116 1607 2164 inopiam

167 2180 282 2216 coacti
320 2182 434 2215 erant.
486 2179 614 2225 Itaque
653 2191 734 2215 cum
768 2179 913 2225 Oymaei
952 2179 1050 2225 apud
1083 2177 1318 2215 Athenienses
1358 2180 1604 2226 quererentur,

167 2240 264 2288 quod
289 2238 499 2278 Alcibiades
524 2240 599 2277 sine
625 2240 722 2278 iusta
748 2252 857 2278 causa
882 2241 978 2288 ipsos
1006 2252 1195 2289 aggressus
1220 2233 1323 2285 esset,
1359 2243 1395 2278 et
1419 2243 1610 2291 praeterea

141 2316 145 2320 ·
168 2302 366 2350 adversarii
392 2303 467 2338 eius
493 2303 540 2338 ab
566 2303 724 2338 exercitu
748 2303 939 2347 venissent,
966 2302 1029 2349 qui
1056 2314 1137 2338 eum
1163 2302 1207 2337 de
1233 2299 1389 2338 consiliis
1415 2301 1608 2338 communi·

170 2363 261 2400 catis
287 2375 367 2400 cum
394 2363 686 2400 Lacedaemoniis
713 2366 750 2400 et
776 2361 1024 2408 Pharnabazo,
1052 2365 1095 2400 ut
1118 2363 1214 2400 bello
1242 2363 1439 2410 composito
1462 2363 1610 2401 illorum

170 2425 304 2463 auxilio
329 2425 482 2462 Athenis
519 2428 695 2472 tyrannus
721 2425 836 2475 fieret,
878 2425 1172 2469 criminarentur,
1210 2425 1384 2471 populum
1423 2425 1612 2462 calumniis

168 2484 240 2521 illis
266 2488 399 2523 temere
424 2486 534 2523 fidem
560 2486 727 2523 habuisse
752 2488 880 2522 narrat
917 2488 954 2522 et
995 2486 1186 2532 imperium
1226 2486 1273 2522 ad
1315 2486 1405 2523 alios
1439 2486 1609 2524 detulisse

169 2542 416 2597 ’ὑφορώμενον
442 2543 514 2590 τήν
541 2551 621 2584 τοῦ
644 2545 786 2598 ἀνδρὸς
811 2544 977 2597 τόλμαν.
