1755 2892
851 141 906 199 ⁴50

252 270 306 306 De
332 269 564 316 optimatium
589 270 739 316 imperio
767 266 887 306 Mileti
905 264 1074 306 instituto
1100 271 1246 316 praeter
1260 269 1461 306 Diodorum
1487 269 1598 310 etiam
1656 311 1662 317 ,

151 331 461 369 Plutarchus
488 332 601 368 refert
627 332 767 368 duobus
792 331 880 368 locis
905 331 967 377 Ly
980 343 1009 367 s.
1040 342 1070 369 c.
1098 332 1122 369 8
1150 333 1187 367 et
1212 343 1242 367 c.
1269 331 1326 375 19,
1354 332 1417 378 qui
1442 333 1479 368 et
1503 331 1598 367 inter

151 405 188 429 se
214 395 251 429 et
276 392 638 446 cumkPolya'eno
679 393 757 439 (qui
792 393 916 429 eadem
942 392 1058 428 tradit
1092 392 1122 440 1,
1148 393 1208 436 45,
1247 393 1283 438 1)
1324 397 1399 429 tam
1431 394 1599 428 accurate

151 456 366 503 congruunt,
405 456 449 490 ut
473 454 542 491 hae
567 456 642 491 tres
675 454 903 491 narrationes
928 453 975 490 ad
1001 453 1152 490 eundem
1178 456 1360 492 auctorem
1389 452 1599 489 referendae

150 517 233 553 sint.
300 516 334 552 A
374 516 535 553 Diodoro
573 515 737 564 (praeter
774 527 963 553 numerum
992 515 1190 551 occisorum
1225 527 1331 562 quem
1381 514 1598 550 Plutarchus

150 578 256 614 affert
282 588 312 615 c.
340 577 398 624 19,
426 588 519 624 quae
535 577 737 614 differentia
762 588 883 613 errore
900 578 989 613 nata
1014 588 1089 613 esse
1116 578 1252 623 potest)
1283 576 1351 613 hae
1371 575 1598 612 narrationes

149 651 222 676 non
247 639 337 676 adeo
364 639 593 686 dissentiunt,
634 641 676 675 ut
716 651 788 675 non
828 651 871 675 ex
910 639 1033 675 eodem
1068 638 1168 675 fonte
1212 650 1360 675 manare
1385 628 1593 685 potueritst3

150 712 371 748 quamquam
397 700 578 737 Diodorus
603 701 710 747 plura
735 700 890 737 tradidit
915 700 959 736 de
982 699 1071 749 ipsis
1098 700 1205 737 rebus
1231 700 1355 749 gestis,
1382 699 1599 736 Plutarchus

152 766 188 798 et
223 763 428 808 Polyaenus
461 762 616 808 amplius
657 765 841 808 exponunt
881 762 1062 809 Lysandri
1099 762 1232 811 dolum,
1273 774 1379 808 quem
1416 762 1597 798 Diodorus

151 824 295 860 omnino
337 836 409 859 non
447 825 725 867 commemorat;
787 823 862 860 veri
903 823 1016 870 igitur
1065 835 1137 859 non
1185 826 1240 860 est
1284 823 1456 860 dissimile
1488 823 1598 859 etiam

150 884 393 922 Plutarchum
419 885 506 921 haec
533 897 575 921 ex
604 885 833 931 Theopompo
861 885 1138 932 deprompsisse.
1169 885 1255 931 Cap.
1283 886 1304 921 9
1332 896 1425 931 quae
1447 884 1491 921 de
1505 883 1597 931 Cyro

152 947 268 982 tradit
293 946 511 982 Plutarchus
537 957 619 982 cum
645 946 848 982 accuratius
877 948 1080 993 congruant
1106 957 1188 982 cum
1213 946 1448 992 Xenophonte
1488 956 1597 991 quam

152 1019 232 1043 cum
248 1007 420 1052 Diodoro,
448 1006 633 1054 Ephorum
660 1007 727 1044 hoc
752 1007 830 1044 loco
858 1019 938 1044 eum
956 1008 1118 1044 secutum
1144 1019 1219 1044 esse
1235 1006 1409 1053 suspicor.
1462 1005 1598 1042 Deinde

152 1070 197 1104 de
224 1069 274 1105 eis
301 1081 393 1115 quae
419 1069 456 1104 in
471 1069 598 1104 Attica
624 1068 775 1114 gesserit
801 1069 974 1104 nonnulla
1000 1069 1103 1104 addit
1129 1080 1221 1115 quae
1247 1068 1427 1104 Diodorus
1457 1068 1598 1110 omisit;

152 1141 245 1175 quae
285 1140 506 1175 quamquam
546 1141 617 1164 nou
657 1129 890 1165 inveniuntur
924 1129 1021 1175 apud
1062 1129 1355 1175 Xenophontem,
1395 1131 1516 1165 tamen
1557 1140 1597 1165 ex

152 1192 276 1228 eodem
315 1191 415 1227 sonte
455 1193 564 1237 atque
605 1202 647 1227 ea
674 1202 767 1237 quae
792 1191 1013 1237 praecedunt
1051 1193 1196 1237 sumpta
1231 1203 1306 1227 esse
1344 1195 1496 1237 apparet
1510 1189 1526 1228 ε’
1556 1203 1599 1227 ea

154 1253 247 1287 enim
281 1264 373 1298 quae
415 1252 539 1287 ordine
574 1264 694 1287 rerum
729 1264 801 1287 non
834 1253 1038 1298 interrupto
1078 1255 1279 1299 sequuntur
1320 1252 1363 1287 de
1397 1252 1596 1297 Lampsaco

153 1325 175 1349 a
200 1313 392 1363 Lysandro
420 1314 538 1358 capta,
579 1315 614 1348 et
656 1312 735 1359 ipsa
769 1313 973 1350 accuratius
1009 1325 1089 1349 cum
1124 1313 1359 1359 Xenophonte
1386 1325 1495 1360 quam
1517 1325 1597 1349 cum

154 1374 311 1410 Diodoro
341 1373 578 1409 consentiunt.

254 1435 296 1471 In
335 1447 457 1483 pugna
491 1435 588 1481 apud
622 1434 743 1482 Aegos
781 1435 913 1471 flumen
953 1436 1138 1471 narranda
1165 1436 1416 1473 Diodorus
1452 1449 1482 1475 c.
1515 1435 1597 1474 105.

154 1497 226 1534 106
254 1497 528 1542 aXenophonte
554 1496 721 1531 dissentit
747 1496 797 1531 eis
826 1508 919 1542 quae
947 1497 990 1532 de
1017 1497 1206 1532 Alcibiade
1233 1498 1359 1533 tradit.
1400 1498 1598 1543 Xenophon

153 1557 246 1593 enim
280 1558 326 1600 Il,
366 1559 395 1600 l,
438 1558 485 1594 25
522 1557 676 1593 tradidit
709 1557 813 1592 illum
854 1558 1034 1593 monuisse
1082 1558 1189 1594 duces
1226 1559 1514 1602 Atheniensium,
1555 1572 1599 1595 ne

152 1620 277 1665 procul
319 1631 341 1654 a
375 1622 484 1665 portu
521 1622 558 1654 et
597 1620 685 1655 urbe
725 1620 846 1655 castra
881 1619 1111 1662 collocarent,
1150 1620 1230 1656 illos
1272 1623 1404 1664 autem,
1444 1621 1598 1657 maxime

152 1681 315 1728 Tydeum
343 1683 380 1716 et
407 1680 655 1723 Menandrum,
696 1680 841 1716 iussisse
868 1692 947 1716 eum
975 1681 1092 1723 abire3
1132 1681 1228 1727 ipsos
1263 1682 1357 1718 enim
1393 1683 1465 1719 iam
1491 1683 1597 1720 duces

151 1756 236 1788 csse,
264 1756 335 1780 non
361 1744 473 1779 illum,
528 1743 708 1779 Diodorus
743 1745 870 1779 contra
906 1745 1036 1779 narrat
1061 1743 1288 1780 Alcibiadem
1315 1745 1594 1782 Atheniensibus

153 1805 327 1840 auxilium
353 1804 510 1840 Medocis
544 1806 580 1840 et
620 1804 775 1840 Seuthae
801 1815 928 1851 regum
955 1804 1135 1841 Thracum
1163 1806 1378 1853 promisisse,
1407 1807 1437 1842 si
1464 1818 1501 1843 se
1528 1807 1597 1844 im-

151 1867 242 1912 perii
269 1866 483 1911 participem
510 1866 697 1908 fecissent;
734 1866 830 1912 quod
869 1865 899 1901 si
932 1863 1109 1910 fecissent,
1146 1879 1183 1903 se
1224 1868 1363 1904 hostem
1391 1871 1599 1905 coacturum

155 1931 218 1963 aut
244 1928 419 1973 proelium
458 1928 585 1964 navale
622 1927 714 1963 inire
748 1929 813 1962 aut
853 1938 934 1962 cum
970 1927 1170 1964 Thracibus
1206 1941 1379 1977 pugnare.
1433 1930 1487 1974 Ac
1513 1930 1599 1977 Dio·

153 1990 263 2025 dorus
302 2001 384 2025 eum
411 1989 594 2025 collaudat
625 1988 722 2035 quod
762 1988 951 2024 etiamtum
990 1990 1152 2035 patriam
1188 1991 1360 2028 adiuvare
1393 1992 1597 2036 studuerit;

152 2050 260 2086 duces
284 2053 405 2086 autem
430 2051 565 2086 veritos
591 2062 644 2093 ne,
682 2050 712 2085 si
735 2061 906 2095 prospere
930 2062 986 2086 res
1013 2051 1198 2095 evenisset,
1239 2052 1402 2088 futurum
1439 2055 1533 2090 esset
1558 2056 1602 2089 ut

151 2124 273 2149 omnes
311 2113 437 2149 laudes
476 2113 513 2148 in
553 2112 655 2147 illum
691 2112 807 2148 solum
841 2114 1137 2158 congererentur,
1182 2125 1263 2149 eum
1303 2114 1447 2151 iussisse
1487 2115 1598 2154 abire.

151 2175 193 2210 In
230 2174 362 2221 quibus
399 2174 428 2208 T
444 2174 529 2209 hoo
545 2186 568 2219 p
583 2185 603 2209 o
619 2174 714 2218 mpi
766 2171 1013 2209 narrationem
1057 2176 1179 2210 extare
1218 2178 1382 2220 apparet.
1436 2175 1479 2211 In
1516 2176 1596 2222 ipsa

153 2239 276 2272 autem
303 2248 427 2283 pugna
454 2235 690 2271 describenda
729 2234 910 2270 Diodorus
945 2246 985 2270 eo
1022 2235 1213 2281 praecipue
1240 2235 1407 2271 dissentit
1434 2248 1456 2272 a
1483 2236 1599 2272 Xeno-

151 2297 296 2342 phonte,
325 2297 422 2343 quod
449 2297 565 2332 tradit
591 2296 797 2338 Philoclem,
835 2306 915 2330 cum
942 2307 1068 2331 revera
1097 2296 1273 2341 proelium
1302 2308 1382 2332 cum
1412 2298 1598 2343 Lysandro

152 2358 241 2393 inire
268 2358 451 2401 voluisset,
494 2359 644 2394 classem
679 2368 837 2403 parasse,
879 2359 1001 2393 tamen
1038 2358 1225 2394 consilium
1264 2358 1339 2395 eius
1373 2371 1413 2394 eo
1454 2359 1599 2395 irritum

151 2420 288 2455 factum
329 2432 415 2464 csse,
451 2420 547 2466 quod
588 2419 774 2465 Lysander
812 2430 878 2465 per
912 2419 1057 2456 nuntios
1098 2420 1141 2455 de
1175 2420 1239 2455 illo
1279 2421 1425 2456 consilio
1467 2422 1598 2458 certior
