1755 2892
858 158 882 197 9

157 283 379 321 Alcibiadem
415 297 527 333 neque
565 286 603 322 in
641 286 734 323 solos
773 286 934 323 inimicos
973 286 1047 322 eius
1083 283 1338 333 transferatur,
1375 283 1435 320 scd
1471 294 1579 329 quam

154 346 306 382 maxime
339 347 434 382 inter
470 349 643 393 utrosque
680 348 939 384 distribuatur:
973 359 1043 394 quo
1077 348 1239 383 nascitur
1275 346 1449 381 iudicium
1482 344 1580 391 quod

153 406 309 443 medium
343 404 417 443 fere
455 409 510 444 est
545 408 640 445 inter
678 408 789 445 Thuc.
828 410 864 445 et
903 420 983 444 eum
1017 410 1215 452 auctorem,
1251 419 1357 454 quem
1381 407 1581 454 sequuntur

152 467 258 507 Diod.
286 470 323 504 et
348 467 453 506 Corn.
503 468 639 504 Deinde
674 469 879 514 Thucydide
915 471 1061 505 auctore
1092 468 1363 505 Lacedaemonii
1400 466 1582 503 Alcibiadi

151 530 299 567 insidias
336 531 473 577 parant,
506 532 654 578 propter
687 531 799 577 ipsius
824 531 1010 578 perfidiam
1045 532 1082 567 et
1106 531 1243 567 minore
1268 542 1310 567 ex
1334 532 1439 577 parte
1465 529 1577 566 etiam

152 594 300 638 propter
322 591 451 639 Agidis
475 591 710 636 inimicitiam,
736 592 930 630 Plutarcho
949 595 1095 629 auctore
1121 593 1255 638 partim
1278 594 1427 639 propter
1449 591 1578 639 Agidis

154 652 276 689 odium
299 653 434 698 partim
455 655 603 699 propter
624 654 823 699 primorum
840 654 878 689 in
895 665 976 689 eum
991 654 1177 690 invidiam.
1225 654 1362 689 Deinde
1373 652 1578 689 Alcibiades

155 714 251 761 quod
287 725 370 750 non
405 715 531 751 statim
574 714 737 751 Athenas
768 714 950 761 profectus
998 715 1046 751 sit
1084 714 1131 750 ad
1165 714 1385 751 ulciscendos
1416 714 1579 750 inimicos

152 776 267 812 multo
330 775 407 823 agis
431 776 602 812 laudatur
629 788 738 823 quam
771 777 868 822 apud
904 776 1027 820 Thuc.,
1054 778 1242 822 praeterea
1276 777 1385 813 etiam
1408 776 1447 811 id
1472 775 1504 811 ei
1540 774 1579 810 in

151 826 258 872 laude
289 848 314 882 p
364 837 372 844 ‘
406 837 569 884 videtur,
604 837 700 883 quod
738 836 932 873 Persarum
968 837 1141 872 auxilium
1174 836 1462 873 Lacedaemoniis
1494 846 1578 881 pro-

152 897 300 934 missum
324 898 507 937 averterit.
549 898 628 944 'OEx
660 898 761 943 ipsis·
782 898 879 937 Plut.
903 899 1021 934 verbis
1045 910 1118 934 non
1143 899 1231 935 satis
1256 900 1417 945 apparet,
1454 899 1578 932 utrum

152 970 192 995 re
222 970 309 995 vera
344 959 383 994 id
415 958 540 995 fecerit
566 971 613 995 an
646 970 727 995 eum
769 959 894 995 fecisse
934 959 1094 995 homines
1129 958 1429 996 existimaverint:
1463 957 1526 993 sed
1548 957 1580 993 si

152 1031 224 1056 non
258 1032 298 1057 re
330 1031 417 1057 vera
449 1020 544 1067 fecit,
582 1032 655 1057 non
692 1020 781 1056 satis
815 1020 1051 1071 intellegitur,
1089 1031 1153 1056 cur
1186 1021 1266 1057 ideo
1304 1020 1412 1056 laude
1448 1019 1578 1066 dignus

152 1082 266 1119 videri
288 1082 466 1129 potuerit,
499 1082 596 1128 quod
621 1076 833 1128 Aspendum
866 1082 916 1118 sit
938 1081 1149 1128 profectus.)
1199 1082 1321 1118 Etiam
1345 1082 1383 1117 in
1408 1081 1458 1117 eis
1486 1092 1579 1127 quae

151 1143 255 1179 initio
280 1155 310 1181 c.
336 1145 384 1181 26
424 1145 460 1179 et
484 1143 588 1179 initio
615 1155 645 1181 c.
676 1144 723 1181 27
767 1144 811 1179 de
850 1144 1080 1190 optimatium
1103 1144 1254 1190 imperio
1279 1143 1444 1190 legimus,
1481 1141 1579 1178 Alci·

151 1204 275 1240 biades
304 1205 419 1252 magis
458 1206 647 1241 excusatur
683 1216 792 1251 quam
828 1207 1035 1249 accusatum
1074 1207 1242 1252 (utroque
1280 1205 1374 1241 enim
1405 1205 1484 1240 loco
1508 1215 1580 1239 non

151 1265 195 1300 de
219 1265 300 1311 ipso
325 1266 529 1310 Alcibiade,
569 1266 631 1302 sed
656 1266 700 1302 de
732 1266 855 1302 amicis
880 1267 954 1303 eius
979 1267 1139 1313 loquitur
1165 1267 1282 1311 Plut.;
1316 1265 1578 1302 excusationem

150 1326 237 1363 haec
261 1326 428 1365 videntur
441 1327 620 1364 continere
645 1339 737 1375 quae
755 1328 926 1375 leguntur
946 1341 976 1367 c.
1003 1329 1072 1367 26:
1092 1322 1193 1372 αὕτη
1207 1325 1282 1379 γὰρ
1309 1324 1354 1372 ἦν
1379 1324 1580 1377 πρόφασις

262 1387 344 1424 ἐπεὶ
377 1387 410 1425 δ’
443 1386 617 1438 ἴσχυσαν
641 1416 732 1428 ....
768 1386 964 1438 ἐλάχιστα
1001 1393 1063 1439 τῷ
1088 1388 1184 1426 Ἀλκ
1227 1395 1443 1439 προσεῖχον
1481 1386 1578 1434 ἤδη.)

152 1449 252 1493 Quae
277 1450 398 1487 omnia
422 1451 453 1488 si
467 1450 742 1495 consideramus,
768 1463 841 1488 non
864 1452 983 1499 ipsum
1008 1451 1252 1499 Thucydidem
1277 1463 1300 1487 a
1321 1450 1517 1487 Plutarcho
1540 1450 1579 1486 in

151 1511 206 1547 his
245 1512 424 1559 capitibus
458 1513 660 1549 adhibitum
683 1525 758 1550 esse
797 1512 988 1550 verisimile
1028 1515 1092 1558 est,
1128 1514 1190 1550 sed
1231 1514 1387 1550 alterum
1424 1513 1579 1560 aliquem

152 1574 334 1609 auctorem
361 1576 398 1610 et
422 1575 468 1610 ab
493 1586 534 1610 eo
561 1586 667 1621 quem
692 1575 796 1612 Diod„
824 1576 861 1610 et
895 1575 999 1614 Corn.
1026 1575 1267 1611 adhibuerunt
1292 1575 1481 1618 diversum,
1517 1573 1580 1620 qui

151 1644 232 1669 cum
255 1633 472 1682 Thucydidis
498 1636 536 1672 in
560 1636 738 1683 plerisque
763 1638 972 1683 sequeretur
999 1637 1263 1681 auctoritatem,
1289 1638 1412 1673 tamen
1436 1637 1474 1671 et
1492 1634 1579 1682 ipsis

149 1695 257 1731 rebus
283 1698 319 1731 et
343 1697 474 1733 iudicio
501 1709 565 1734 suo
590 1709 848 1744 nonnunquam
871 1698 917 1733 ab
944 1709 985 1733 eo
1011 1698 1229 1734 dissenserit.

251 1756 354 1800 Quod
389 1758 443 1794 ita
478 1770 553 1796 esse
583 1760 843 1806 comprobatur
868 1759 1010 1795 collatis
1036 1759 1097 1803 eis,
1123 1770 1215 1805 quae
1241 1759 1285 1794 de
1310 1758 1443 1794 eisdem
1470 1758 1578 1794 rebus

152 1817 279 1854 attulit
319 1818 485 1856 Justinus
523 1820 584 1867 (V,
614 1821 674 1857 1—
687 1821 746 1866 3);
783 1820 878 1856 hunc
915 1820 1009 1855 enim
1053 1831 1133 1855 cum
1166 1819 1373 1863 Plutarcho,
1415 1831 1498 1863 non,
1536 1821 1579 1855 ut

152 1877 316 1915 Frickius
354 1882 484 1924 censet,
527 1892 608 1917 cum
643 1881 707 1917 illo
741 1893 847 1928 quem
872 1880 977 1919 Diod.
1004 1883 1041 1917 et
1070 1880 1174 1919 Corn.
1211 1883 1411 1928 sequuntur
1432 1881 1579 1917 auctore

149 1939 367 1987 iungendum
407 1953 483 1978 esse
529 1942 655 1979 statim
706 1942 962 1990 intellegemus.
1026 1940 1122 1979 Nam
1160 1942 1319 1990 quinque
1348 1943 1432 1979 illae
1468 1954 1578 1979 naves

149 1993 302 2047 quarum
326 2002 421 2039 Just.
444 2004 660 2049 mentionem
686 2003 784 2047 facit,
810 2015 833 2039 a
858 2003 953 2039 Plu-t.
979 2004 1124 2050 quidem
1141 2017 1214 2041 non
1241 2007 1577 2052 commemorantur,

149 2066 473 2100 commemorantur
497 2066 619 2101 tamen
638 2076 661 2100 a
686 2064 795 2103 Thuc.
823 2065 903 2109 VII,
924 2066 980 2109 ll,
1008 2066 1071 2113 qui
1090 2067 1177 2113 quin
1212 2067 1321 2103 etiam
1347 2079 1369 2104 a
1391 2066 1578 2103 Plutarchi

149 2126 295 2160 auctore
338 2122 524 2162 adhibitus
566 2126 615 2162 sit
651 2125 798 2161 minime
830 2126 978 2162 dubium
1012 2130 1077 2164 est.
1137 2128 1273 2165 Deinde
1313 2127 1491 2176 principes
1523 2127 1578 2165 illi

147 2184 532 2231 Lacedaemoniorum,
581 2187 625 2223 de
664 2187 794 2233 quibus
837 2188 999 2235 loquitur
1042 2189 1151 2234 Just„
1194 2191 1310 2227 eidem
1347 2193 1432 2227 sunt
1468 2192 1578 2237 atque

149 2249 228 2283 τῶν
256 2242 387 2284 ἄλλων
411 2248 678 2297 Σπαρτιατῶν
703 2249 743 2287 οἱ
770 2246 1037 2299 δοκιμώτατοι
1061 2249 1124 2288 καὶ
1149 2248 1461 2302 φιλοτιμότατοι
1486 2265 1576 2300 quos

147 2307 243 2347 Plut‚
288 2309 387 2348 dicit.
437 2310 551 2346 Porro
591 2322 672 2347 cum
716 2311 813 2349 Plut.
849 2315 1052 2359 congruunt
1090 2324 1183 2360 quae
1224 2314 1319 2352 Just.
1358 2314 1401 2351 de
1449 2314 1578 2362 Agidis

147 2380 257 2406 uxore
303 2371 350 2407 ab
378 2371 566 2409 Alcibiade
604 2372 642 2408 in
680 2375 845 2421 stuprum
880 2374 1001 2411 illecta
1040 2376 1167 2422 tradit.
1230 2376 1322 2412 Tum
1358 2376 1577 2423 vituperatio

147 2429 210 2466 illa
240 2431 438 2469 Alcibiadis
469 2433 568 2470 laudi
600 2434 761 2471 admixta
795 2434 847 2484 (2,
873 2438 894 2481 ἓ
922 2437 955 2474 7.
983 2437 1022 2482 8)
1059 2437 1206 2483 propius
1231 2437 1370 2474 accedit
1405 2438 1452 2474 ad
1485 2437 1571 2474 Plu-
