<?xml version="1.0" encoding="UTF-8"?>
<!DOCTYPE html PUBLIC "-//W3C//DTD XHTML 1.0 Transitional//EN"
    "http://www.w3.org/TR/xhtml1/DTD/xhtml1-transitional.dtd">
<html xmlns="http://www.w3.org/1999/xhtml" xml:lang="en" lang="en">
 <head>
  <title>
</title>
<meta http-equiv="Content-Type" content="text/html;charset=utf-8" />
  <meta name='ocr-system' content='tesseract 3.04.00' />
  <meta name='ocr-capabilities' content='ocr_page ocr_carea ocr_par ocr_line ocrx_word'/>
</head>
<body>
  <div class='ocr_page' id='page_1' title='image "4737252_0031.png"; bbox 0 0 1755 2892; ppageno 0'>
   <div class='ocr_carea' id='block_1_1' title="bbox 846 144 903 203">
    <p class='ocr_par' dir='ltr' id='par_1_1' title="bbox 846 144 903 203">
     <span class='ocr_line' id='line_1_1' title="bbox 846 144 903 203; baseline 0 0"><span class='ocrx_word' id='word_1_1' title='bbox 846 144 903 203; x_wconf 54' lang='grc' dir='ltr'><strong>ᾗ)</strong></span> 
     </span>
    </p>
   </div>
   <div class='ocr_carea' id='block_1_2' title="bbox 118 293 1637 2496">
    <p class='ocr_par' dir='ltr' id='par_1_2' title="bbox 118 293 1637 2496">
     <span class='ocr_line' id='line_1_2' title="bbox 171 293 1610 343; baseline -0.005 -5"><span class='ocrx_word' id='word_1_2' title='bbox 171 300 263 338; x_wconf 89' lang='lat' dir='ltr'><strong>sium</strong></span> <span class='ocrx_word' id='word_1_3' title='bbox 289 296 452 340; x_wconf 73' lang='lat' dir='ltr'><strong>attribui,</strong></span> <span class='ocrx_word' id='word_1_4' title='bbox 478 294 576 342; x_wconf 90' lang='lat' dir='ltr'><strong>quod</strong></span> <span class='ocrx_word' id='word_1_5' title='bbox 600 305 672 329; x_wconf 92' lang='lat' dir='ltr'><strong>non</strong></span> <span class='ocrx_word' id='word_1_6' title='bbox 716 293 865 331; x_wconf 79' lang='lat' dir='ltr'><strong>siverint</strong></span> <span class='ocrx_word' id='word_1_7' title='bbox 890 306 927 330; x_wconf 86' lang='lat' dir='ltr'><strong>se</strong></span> <span class='ocrx_word' id='word_1_8' title='bbox 968 297 1014 332; x_wconf 90' lang='lat' dir='ltr'><strong>ab</strong></span> <span class='ocrx_word' id='word_1_9' title='bbox 1053 297 1115 333; x_wconf 92' lang='lat' dir='ltr'><strong>illo</strong></span> <span class='ocrx_word' id='word_1_10' title='bbox 1142 296 1279 334; x_wconf 87' lang='lat' dir='ltr'><strong>servari</strong></span> <span class='ocrx_word' id='word_1_11' title='bbox 1304 301 1340 335; x_wconf 86' lang='lat' dir='ltr'><strong>et</strong></span> <span class='ocrx_word' id='word_1_12' title='bbox 1364 310 1445 335; x_wconf 90' lang='lat' dir='ltr'><strong>cum</strong></span> <span class='ocrx_word' id='word_1_13' title='bbox 1469 293 1610 343; x_wconf 87' lang='lat' dir='ltr'><strong>magni-</strong></span> 
     </span>
     <span class='ocr_line' id='line_1_3' title="bbox 118 356 1613 406; baseline -0.005 -7"><span class='ocrx_word' id='word_1_14' title='bbox 118 381 127 384; x_wconf 38' lang='lat'>*</span> <span class='ocrx_word' id='word_1_15' title='bbox 171 362 290 399; x_wconf 89' lang='lat' dir='ltr'><strong>tudini</strong></span> <span class='ocrx_word' id='word_1_16' title='bbox 309 361 388 398; x_wconf 83' lang='lat' dir='ltr'><strong>eius</strong></span> <span class='ocrx_word' id='word_1_17' title='bbox 410 356 622 399; x_wconf 72' lang='lat' dir='ltr'><strong>inviderent,</strong></span> <span class='ocrx_word' id='word_1_18' title='bbox 661 367 735 392; x_wconf 90' lang='lat' dir='ltr'><strong>non</strong></span> <span class='ocrx_word' id='word_1_19' title='bbox 771 356 862 391; x_wconf 87' lang='lat' dir='ltr'><strong>satis</strong></span> <span class='ocrx_word' id='word_1_20' title='bbox 895 356 927 392; x_wconf 92' lang='lat' dir='ltr'><strong>ei</strong></span> <span class='ocrx_word' id='word_1_21' title='bbox 966 358 1089 394; x_wconf 90' lang='lat' dir='ltr'><strong>confisi</strong></span> <span class='ocrx_word' id='word_1_22' title='bbox 1128 359 1189 394; x_wconf 88' lang='lat' dir='ltr'><strong>sed</strong></span> <span class='ocrx_word' id='word_1_23' title='bbox 1222 364 1371 405; x_wconf 87' lang='lat' dir='ltr'><strong>propter</strong></span> <span class='ocrx_word' id='word_1_24' title='bbox 1393 359 1523 406; x_wconf 80' lang='lat' dir='ltr'><strong>exigua</strong></span> <span class='ocrx_word' id='word_1_25' title='bbox 1546 357 1613 392; x_wconf 87' lang='lat' dir='ltr'><strong>illa</strong></span> 
     </span>
     <span class='ocr_line' id='line_1_4' title="bbox 170 411 1611 471; baseline -0.003 -11"><span class='ocrx_word' id='word_1_26' title='bbox 170 422 261 462; x_wconf 86' lang='lat' dir='ltr'><strong>vitia</strong></span> <span class='ocrx_word' id='word_1_27' title='bbox 297 419 466 471; x_wconf 83' lang='lat' dir='ltr'><strong>gravibus</strong></span> <span class='ocrx_word' id='word_1_28' title='bbox 498 411 787 454; x_wconf 78' lang='lat' dir='ltr'><strong>accusationibus</strong></span> <span class='ocrx_word' id='word_1_29' title='bbox 825 429 906 453; x_wconf 89' lang='lat' dir='ltr'><strong>eum</strong></span> <span class='ocrx_word' id='word_1_30' title='bbox 947 419 1124 464; x_wconf 83' lang='lat' dir='ltr'><strong>persecuti</strong></span> <span class='ocrx_word' id='word_1_31' title='bbox 1157 420 1241 459; x_wconf 87' lang='lat' dir='ltr'><strong>sint.</strong></span> <span class='ocrx_word' id='word_1_32' title='bbox 1293 421 1493 468; x_wconf 86' lang='lat' dir='ltr'><strong>Postquam</strong></span> <span class='ocrx_word' id='word_1_33' title='bbox 1525 430 1611 456; x_wconf 86' lang='lat' dir='ltr'><strong>vero</strong></span> 
     </span>
     <span class='ocr_line' id='line_1_5' title="bbox 173 479 1612 532; baseline -0.003 -13"><span class='ocrx_word' id='word_1_34' title='bbox 173 497 213 523; x_wconf 79' lang='lat' dir='ltr'><strong>eo</strong></span> <span class='ocrx_word' id='word_1_35' title='bbox 237 484 338 532; x_wconf 79' lang='lat' dir='ltr'><strong>&#39;quod</strong></span> <span class='ocrx_word' id='word_1_36' title='bbox 361 482 513 528; x_wconf 89' lang='lat' dir='ltr'><strong>propter</strong></span> <span class='ocrx_word' id='word_1_37' title='bbox 553 490 664 515; x_wconf 88' lang='lat' dir='ltr'><strong>vanas</strong></span> <span class='ocrx_word' id='word_1_38' title='bbox 692 479 867 525; x_wconf 87' lang='lat' dir='ltr'><strong>quasdam</strong></span> <span class='ocrx_word' id='word_1_39' title='bbox 894 481 1114 526; x_wconf 83' lang='lat' dir='ltr'><strong>suspiciones</strong></span> <span class='ocrx_word' id='word_1_40' title='bbox 1152 494 1232 517; x_wconf 89' lang='lat' dir='ltr'><strong>eum</strong></span> <span class='ocrx_word' id='word_1_41' title='bbox 1269 495 1311 518; x_wconf 83' lang='lat' dir='ltr'><strong>ex</strong></span> <span class='ocrx_word' id='word_1_42' title='bbox 1349 483 1473 519; x_wconf 80' lang='lat' dir='ltr'><strong>Sicilia</strong></span> <span class='ocrx_word' id='word_1_43' title='bbox 1508 491 1612 517; x_wconf 87' lang='lat' dir='ltr'><strong>revo-</strong></span> 
     </span>
     <span class='ocr_line' id='line_1_6' title="bbox 174 540 1613 591; baseline -0.006 -8"><span class='ocrx_word' id='word_1_44' title='bbox 174 547 303 583; x_wconf 85' lang='lat' dir='ltr'><strong>carunt</strong></span> <span class='ocrx_word' id='word_1_45' title='bbox 327 541 580 591; x_wconf 79' lang='lat' dir='ltr'><strong>gravissimum</strong></span> <span class='ocrx_word' id='word_1_46' title='bbox 624 540 677 576; x_wconf 88' lang='lat' dir='ltr'><strong>rei</strong></span> <span class='ocrx_word' id='word_1_47' title='bbox 703 540 868 586; x_wconf 87' lang='lat' dir='ltr'><strong>publicae</strong></span> <span class='ocrx_word' id='word_1_48' title='bbox 895 541 1066 577; x_wconf 89' lang='lat' dir='ltr'><strong>damnum</strong></span> <span class='ocrx_word' id='word_1_49' title='bbox 1091 542 1301 589; x_wconf 85' lang='lat' dir='ltr'><strong>intulerunt,</strong></span> <span class='ocrx_word' id='word_1_50' title='bbox 1328 544 1399 590; x_wconf 88' lang='lat' dir='ltr'><strong>ipsi</strong></span> <span class='ocrx_word' id='word_1_51' title='bbox 1431 540 1613 579; x_wconf 84' lang='lat' dir='ltr'><strong>Alcibiadi</strong></span> 
     </span>
     <span class='ocr_line' id='line_1_7' title="bbox 176 602 1614 651; baseline -0.004 -7"><span class='ocrx_word' id='word_1_52' title='bbox 176 608 304 644; x_wconf 87' lang='lat' dir='ltr'><strong>merito</strong></span> <span class='ocrx_word' id='word_1_53' title='bbox 329 604 485 651; x_wconf 84' lang='lat' dir='ltr'><strong>ducitur,</strong></span> <span class='ocrx_word' id='word_1_54' title='bbox 513 602 609 649; x_wconf 90' lang='lat' dir='ltr'><strong>quod</strong></span> <span class='ocrx_word' id='word_1_55' title='bbox 635 604 763 648; x_wconf 84' lang='lat' dir='ltr'><strong>postea</strong></span> <span class='ocrx_word' id='word_1_56' title='bbox 788 603 943 639; x_wconf 84' lang='lat' dir='ltr'><strong>reditum</strong></span> <span class='ocrx_word' id='word_1_57' title='bbox 969 603 1037 639; x_wconf 87' lang='lat' dir='ltr'><strong>sibi</strong></span> <span class='ocrx_word' id='word_1_58' title='bbox 1062 603 1100 639; x_wconf 91' lang='lat' dir='ltr'><strong>in</strong></span> <span class='ocrx_word' id='word_1_59' title='bbox 1126 605 1284 650; x_wconf 87' lang='lat' dir='ltr'><strong>patriam</strong></span> <span class='ocrx_word' id='word_1_60' title='bbox 1308 605 1515 651; x_wconf 80' lang='lat' dir='ltr'><strong>paraverit3</strong></span> <span class='ocrx_word' id='word_1_61' title='bbox 1542 615 1614 649; x_wconf 91' lang='lat' dir='ltr'><strong>quo</strong></span> 
     </span>
     <span class='ocr_line' id='line_1_8' title="bbox 178 663 1613 716; baseline -0.003 -12"><span class='ocrx_word' id='word_1_62' title='bbox 178 670 273 704; x_wconf 84' lang='lat' dir='ltr'><strong>facto</strong></span> <span class='ocrx_word' id='word_1_63' title='bbox 305 667 488 702; x_wconf 87' lang='lat' dir='ltr'><strong>fortunam</strong></span> <span class='ocrx_word' id='word_1_64' title='bbox 522 663 608 699; x_wconf 90' lang='lat' dir='ltr'><strong>belli</strong></span> <span class='ocrx_word' id='word_1_65' title='bbox 641 675 766 699; x_wconf 86' lang='lat' dir='ltr'><strong>rursus</strong></span> <span class='ocrx_word' id='word_1_66' title='bbox 791 664 829 698; x_wconf 90' lang='lat' dir='ltr'><strong>in</strong></span> <span class='ocrx_word' id='word_1_67' title='bbox 855 664 1129 716; x_wconf 78' lang='lat' dir='ltr'><strong>Atheniensium</strong></span> <span class='ocrx_word' id='word_1_68' title='bbox 1151 668 1272 711; x_wconf 86' lang='lat' dir='ltr'><strong>partes</strong></span> <span class='ocrx_word' id='word_1_69' title='bbox 1297 666 1484 709; x_wconf 88' lang='lat' dir='ltr'><strong>convertit,</strong></span> <span class='ocrx_word' id='word_1_70' title='bbox 1528 665 1613 699; x_wconf 90' lang='lat' dir='ltr'><strong>dum</strong></span> 
     </span>
     <span class='ocr_line' id='line_1_9' title="bbox 177 725 1614 776; baseline -0.002 -12"><span class='ocrx_word' id='word_1_71' title='bbox 177 727 313 776; x_wconf 62' lang='lat' dir='ltr'><strong>populix</strong></span> <span class='ocrx_word' id='word_1_72' title='bbox 340 726 499 773; x_wconf 72' lang='lat' dir='ltr'><strong>stultitia</strong></span> <span class='ocrx_word' id='word_1_73' title='bbox 539 725 676 762; x_wconf 87' lang='lat' dir='ltr'><strong>factum</strong></span> <span class='ocrx_word' id='word_1_74' title='bbox 715 726 770 761; x_wconf 90' lang='lat' dir='ltr'><strong>est</strong></span> <span class='ocrx_word' id='word_1_75' title='bbox 807 727 850 761; x_wconf 89' lang='lat' dir='ltr'><strong>ut</strong></span> <span class='ocrx_word' id='word_1_76' title='bbox 883 725 1015 762; x_wconf 85' lang='lat' dir='ltr'><strong>iterum</strong></span> <span class='ocrx_word' id='word_1_77' title='bbox 1040 727 1252 771; x_wconf 87' lang='lat' dir='ltr'><strong>reiceretur;</strong></span> <span class='ocrx_word' id='word_1_78' title='bbox 1289 740 1330 763; x_wconf 88' lang='lat' dir='ltr'><strong>ex</strong></span> <span class='ocrx_word' id='word_1_79' title='bbox 1357 740 1427 774; x_wconf 90' lang='lat' dir='ltr'><strong>quo</strong></span> <span class='ocrx_word' id='word_1_80' title='bbox 1453 730 1614 773; x_wconf 86' lang='lat' dir='ltr'><strong>tempore</strong></span> 
     </span>
     <span class='ocr_line' id='line_1_10' title="bbox 175 787 1549 835; baseline 0.001 -9"><span class='ocrx_word' id='word_1_81' title='bbox 175 788 447 826; x_wconf 84' lang='lat' dir='ltr'><strong>Atheniensium</strong></span> <span class='ocrx_word' id='word_1_82' title='bbox 473 787 676 833; x_wconf 83' lang='lat' dir='ltr'><strong>respublica</strong></span> <span class='ocrx_word' id='word_1_83' title='bbox 702 787 820 833; x_wconf 89' lang='lat' dir='ltr'><strong>coepit</strong></span> <span class='ocrx_word' id='word_1_84' title='bbox 845 788 961 835; x_wconf 88' lang='lat' dir='ltr'><strong>magis</strong></span> <span class='ocrx_word' id='word_1_85' title='bbox 987 788 1172 835; x_wconf 82' lang='lat' dir='ltr'><strong>magisque</strong></span> <span class='ocrx_word' id='word_1_86' title='bbox 1197 801 1300 825; x_wconf 90' lang='lat' dir='ltr'><strong>ruere</strong></span> <span class='ocrx_word' id='word_1_87' title='bbox 1325 789 1363 824; x_wconf 91' lang='lat' dir='ltr'><strong>in</strong></span> <span class='ocrx_word' id='word_1_88' title='bbox 1389 789 1549 827; x_wconf 84' lang='lat' dir='ltr'><strong>exitium.</strong></span> 
     </span>
     <span class='ocr_line' id='line_1_11' title="bbox 274 849 1615 897; baseline -0.001 -11"><span class='ocrx_word' id='word_1_89' title='bbox 274 852 391 894; x_wconf 84' lang='lat' dir='ltr'><strong>Quam</strong></span> <span class='ocrx_word' id='word_1_90' title='bbox 427 851 596 886; x_wconf 88' lang='lat' dir='ltr'><strong>accurate</strong></span> <span class='ocrx_word' id='word_1_91' title='bbox 621 860 704 885; x_wconf 88' lang='lat' dir='ltr'><strong>cum</strong></span> <span class='ocrx_word' id='word_1_92' title='bbox 729 849 797 885; x_wconf 89' lang='lat' dir='ltr'><strong>hac</strong></span> <span class='ocrx_word' id='word_1_93' title='bbox 834 862 956 885; x_wconf 88' lang='lat' dir='ltr'><strong>rerum</strong></span> <span class='ocrx_word' id='word_1_94' title='bbox 981 851 1111 886; x_wconf 87' lang='lat' dir='ltr'><strong>harum</strong></span> <span class='ocrx_word' id='word_1_95' title='bbox 1148 849 1304 897; x_wconf 82' lang='lat' dir='ltr'><strong>imagine</strong></span> <span class='ocrx_word' id='word_1_96' title='bbox 1329 851 1544 887; x_wconf 82' lang='lat' dir='ltr'><strong>conveniant</strong></span> <span class='ocrx_word' id='word_1_97' title='bbox 1572 862 1615 885; x_wconf 89' lang='lat' dir='ltr'><strong>ea</strong></span> 
     </span>
     <span class='ocr_line' id='line_1_12' title="bbox 177 910 1619 959; baseline -0.002 -9"><span class='ocrx_word' id='word_1_98' title='bbox 177 913 298 950; x_wconf 86' lang='lat' dir='ltr'><strong>omnia</strong></span> <span class='ocrx_word' id='word_1_99' title='bbox 340 923 434 959; x_wconf 84' lang='lat' dir='ltr'><strong>quae</strong></span> <span class='ocrx_word' id='word_1_100' title='bbox 468 911 568 947; x_wconf 89' lang='lat' dir='ltr'><strong>illius</strong></span> <span class='ocrx_word' id='word_1_101' title='bbox 604 910 790 947; x_wconf 85' lang='lat' dir='ltr'><strong>relationis</strong></span> <span class='ocrx_word' id='word_1_102' title='bbox 816 912 965 958; x_wconf 87' lang='lat' dir='ltr'><strong>propria</strong></span> <span class='ocrx_word' id='word_1_103' title='bbox 1001 914 1096 959; x_wconf 88' lang='lat' dir='ltr'><strong>sunt,</strong></span> <span class='ocrx_word' id='word_1_104' title='bbox 1136 912 1208 947; x_wconf 86' lang='lat' dir='ltr'><strong>iam</strong></span> <span class='ocrx_word' id='word_1_105' title='bbox 1248 911 1353 949; x_wconf 88' lang='lat' dir='ltr'><strong>facile</strong></span> <span class='ocrx_word' id='word_1_106' title='bbox 1378 912 1619 959; x_wconf 72' lang='lat' dir='ltr'><strong>intellegitur3</strong></span> 
     </span>
     <span class='ocr_line' id='line_1_13' title="bbox 174 972 1619 1019; baseline -0.002 -8"><span class='ocrx_word' id='word_1_107' title='bbox 174 977 292 1011; x_wconf 90' lang='lat' dir='ltr'><strong>totam</strong></span> <span class='ocrx_word' id='word_1_108' title='bbox 341 974 435 1010; x_wconf 90' lang='lat' dir='ltr'><strong>enim</strong></span> <span class='ocrx_word' id='word_1_109' title='bbox 475 973 576 1009; x_wconf 90' lang='lat' dir='ltr'><strong>illam</strong></span> <span class='ocrx_word' id='word_1_110' title='bbox 625 972 883 1008; x_wconf 85' lang='lat' dir='ltr'><strong>sententiarum</strong></span> <span class='ocrx_word' id='word_1_111' title='bbox 929 974 1223 1019; x_wconf 87' lang='lat' dir='ltr'><strong>compositionem</strong></span> <span class='ocrx_word' id='word_1_112' title='bbox 1260 973 1290 1009; x_wconf 89' lang='lat' dir='ltr'><strong>si</strong></span> <span class='ocrx_word' id='word_1_113' title='bbox 1330 974 1619 1019; x_wconf 85' lang='lat' dir='ltr'><strong>spectaverimus,</strong></span> 
     </span>
     <span class='ocr_line' id='line_1_14' title="bbox 177 1034 1617 1083; baseline -0.001 -11"><span class='ocrx_word' id='word_1_114' title='bbox 177 1036 331 1072; x_wconf 85' lang='lat' dir='ltr'><strong>dilucide</strong></span> <span class='ocrx_word' id='word_1_115' title='bbox 363 1035 617 1082; x_wconf 86' lang='lat' dir='ltr'><strong>perspiciemus</strong></span> <span class='ocrx_word' id='word_1_116' title='bbox 657 1046 730 1083; x_wconf 93' lang='lat' dir='ltr'><strong>quo</strong></span> <span class='ocrx_word' id='word_1_117' title='bbox 773 1035 915 1070; x_wconf 88' lang='lat' dir='ltr'><strong>vinculo</strong></span> <span class='ocrx_word' id='word_1_118' title='bbox 956 1035 1077 1071; x_wconf 90' lang='lat' dir='ltr'><strong>omnia</strong></span> <span class='ocrx_word' id='word_1_119' title='bbox 1112 1035 1177 1070; x_wconf 87' lang='lat' dir='ltr'><strong>illa</strong></span> <span class='ocrx_word' id='word_1_120' title='bbox 1210 1035 1339 1081; x_wconf 86' lang='lat' dir='ltr'><strong>quibus</strong></span> <span class='ocrx_word' id='word_1_121' title='bbox 1376 1034 1464 1070; x_wconf 90' lang='lat' dir='ltr'><strong>haec</strong></span> <span class='ocrx_word' id='word_1_122' title='bbox 1489 1035 1617 1070; x_wconf 87' lang='lat' dir='ltr'><strong>relatio</strong></span> 
     </span>
     <span class='ocr_line' id='line_1_15' title="bbox 177 1095 1617 1143; baseline -0.001 -10"><span class='ocrx_word' id='word_1_123' title='bbox 177 1098 223 1133; x_wconf 89' lang='lat' dir='ltr'><strong>ab</strong></span> <span class='ocrx_word' id='word_1_124' title='bbox 252 1098 368 1134; x_wconf 88' lang='lat' dir='ltr'><strong>altera</strong></span> <span class='ocrx_word' id='word_1_125' title='bbox 395 1097 458 1132; x_wconf 86' lang='lat' dir='ltr'><strong>illa</strong></span> <span class='ocrx_word' id='word_1_126' title='bbox 485 1099 521 1132; x_wconf 88' lang='lat' dir='ltr'><strong>et</strong></span> <span class='ocrx_word' id='word_1_127' title='bbox 548 1108 570 1132; x_wconf 89' lang='lat' dir='ltr'><strong>a</strong></span> <span class='ocrx_word' id='word_1_128' title='bbox 597 1095 803 1142; x_wconf 85' lang='lat' dir='ltr'><strong>Thucydide</strong></span> <span class='ocrx_word' id='word_1_129' title='bbox 839 1095 1016 1143; x_wconf 86' lang='lat' dir='ltr'><strong>discrepet</strong></span> <span class='ocrx_word' id='word_1_130' title='bbox 1061 1096 1155 1132; x_wconf 87' lang='lat' dir='ltr'><strong>inter</strong></span> <span class='ocrx_word' id='word_1_131' title='bbox 1194 1108 1230 1132; x_wconf 89' lang='lat' dir='ltr'><strong>se</strong></span> <span class='ocrx_word' id='word_1_132' title='bbox 1258 1107 1349 1132; x_wconf 87' lang='lat' dir='ltr'><strong>nexa</strong></span> <span class='ocrx_word' id='word_1_133' title='bbox 1374 1096 1458 1143; x_wconf 89' lang='lat' dir='ltr'><strong>sint,</strong></span> <span class='ocrx_word' id='word_1_134' title='bbox 1496 1096 1617 1143; x_wconf 87' lang='lat' dir='ltr'><strong>singu-</strong></span> 
     </span>
     <span class='ocr_line' id='line_1_16' title="bbox 177 1157 1618 1207; baseline -0.002 -12"><span class='ocrx_word' id='word_1_135' title='bbox 177 1159 265 1195; x_wconf 89' lang='lat' dir='ltr'><strong>laris</strong></span> <span class='ocrx_word' id='word_1_136' title='bbox 284 1158 497 1195; x_wconf 78' lang='lat' dir='ltr'><strong>Alicibiadis</strong></span> <span class='ocrx_word' id='word_1_137' title='bbox 522 1157 696 1201; x_wconf 86' lang='lat' dir='ltr'><strong>laudatio,</strong></span> <span class='ocrx_word' id='word_1_138' title='bbox 725 1157 883 1194; x_wconf 87' lang='lat' dir='ltr'><strong>infensus</strong></span> <span class='ocrx_word' id='word_1_139' title='bbox 908 1158 943 1192; x_wconf 90' lang='lat' dir='ltr'><strong>in</strong></span> <span class='ocrx_word' id='word_1_140' title='bbox 971 1158 1148 1207; x_wconf 85' lang='lat' dir='ltr'><strong>populum</strong></span> <span class='ocrx_word' id='word_1_141' title='bbox 1168 1158 1441 1193; x_wconf 81' lang='lat' dir='ltr'><strong>Atheniensium</strong></span> <span class='ocrx_word' id='word_1_142' title='bbox 1454 1157 1618 1206; x_wconf 72' lang='lat' dir='ltr'><strong>animus,</strong></span> 
     </span>
     <span class='ocr_line' id='line_1_17' title="bbox 179 1219 1619 1266; baseline 0 -12"><span class='ocrx_word' id='word_1_143' title='bbox 179 1219 310 1255; x_wconf 90' lang='lat' dir='ltr'><strong>mirum</strong></span> <span class='ocrx_word' id='word_1_144' title='bbox 337 1219 427 1254; x_wconf 88' lang='lat' dir='ltr'><strong>illud</strong></span> <span class='ocrx_word' id='word_1_145' title='bbox 453 1220 549 1266; x_wconf 88' lang='lat' dir='ltr'><strong>quod</strong></span> <span class='ocrx_word' id='word_1_146' title='bbox 573 1221 609 1255; x_wconf 88' lang='lat' dir='ltr'><strong>et</strong></span> <span class='ocrx_word' id='word_1_147' title='bbox 624 1219 807 1255; x_wconf 84' lang='lat' dir='ltr'><strong>Cornelius</strong></span> <span class='ocrx_word' id='word_1_148' title='bbox 835 1221 871 1255; x_wconf 84' lang='lat' dir='ltr'><strong>et</strong></span> <span class='ocrx_word' id='word_1_149' title='bbox 897 1219 1078 1256; x_wconf 88' lang='lat' dir='ltr'><strong>Diodorus</strong></span> <span class='ocrx_word' id='word_1_150' title='bbox 1093 1220 1209 1256; x_wconf 85' lang='lat' dir='ltr'><strong>tradit</strong></span> <span class='ocrx_word' id='word_1_151' title='bbox 1226 1219 1451 1255; x_wconf 88' lang='lat' dir='ltr'><strong>Alcibiadem</strong></span> <span class='ocrx_word' id='word_1_152' title='bbox 1464 1219 1546 1254; x_wconf 90' lang='lat' dir='ltr'><strong>inde</strong></span> <span class='ocrx_word' id='word_1_153' title='bbox 1573 1219 1619 1254; x_wconf 90' lang='lat' dir='ltr'><strong>ab</strong></span> 
     </span>
     <span class='ocr_line' id='line_1_18' title="bbox 177 1280 1621 1326; baseline 0 -11"><span class='ocrx_word' id='word_1_154' title='bbox 177 1280 281 1315; x_wconf 90' lang='lat' dir='ltr'><strong>initio</strong></span> <span class='ocrx_word' id='word_1_155' title='bbox 307 1292 379 1315; x_wconf 90' lang='lat' dir='ltr'><strong>non</strong></span> <span class='ocrx_word' id='word_1_156' title='bbox 404 1280 459 1316; x_wconf 89' lang='lat' dir='ltr'><strong>sui</strong></span> <span class='ocrx_word' id='word_1_157' title='bbox 475 1281 537 1316; x_wconf 88' lang='lat' dir='ltr'><strong>sed</strong></span> <span class='ocrx_word' id='word_1_158' title='bbox 560 1280 701 1326; x_wconf 81' lang='lat' dir='ltr'><strong>patriae</strong></span> <span class='ocrx_word' id='word_1_159' title='bbox 723 1291 832 1316; x_wconf 85' lang='lat' dir='ltr'><strong>causa</strong></span> <span class='ocrx_word' id='word_1_160' title='bbox 856 1281 895 1315; x_wconf 89' lang='lat' dir='ltr'><strong>id</strong></span> <span class='ocrx_word' id='word_1_161' title='bbox 917 1281 1030 1326; x_wconf 84' lang='lat' dir='ltr'><strong>egisse</strong></span> <span class='ocrx_word' id='word_1_162' title='bbox 1056 1284 1098 1317; x_wconf 90' lang='lat' dir='ltr'><strong>ut</strong></span> <span class='ocrx_word' id='word_1_163' title='bbox 1125 1293 1147 1316; x_wconf 90' lang='lat' dir='ltr'><strong>a</strong></span> <span class='ocrx_word' id='word_1_164' title='bbox 1174 1281 1311 1317; x_wconf 87' lang='lat' dir='ltr'><strong>civibus</strong></span> <span class='ocrx_word' id='word_1_165' title='bbox 1338 1281 1411 1316; x_wconf 85' lang='lat' dir='ltr'><strong>suis</strong></span> <span class='ocrx_word' id='word_1_166' title='bbox 1437 1292 1621 1317; x_wconf 87' lang='lat' dir='ltr'><strong>revocare·</strong></span> 
     </span>
     <span class='ocr_line' id='line_1_19' title="bbox 179 1333 1622 1388; baseline 0.001 -12"><span class='ocrx_word' id='word_1_167' title='bbox 179 1343 251 1386; x_wconf 87' lang='lat' dir='ltr'><strong>tur,</strong></span> <span class='ocrx_word' id='word_1_168' title='bbox 290 1341 356 1377; x_wconf 89' lang='lat' dir='ltr'><strong>illa</strong></span> <span class='ocrx_word' id='word_1_169' title='bbox 382 1341 533 1387; x_wconf 89' lang='lat' dir='ltr'><strong>denique</strong></span> <span class='ocrx_word' id='word_1_170' title='bbox 560 1342 738 1377; x_wconf 81' lang='lat' dir='ltr'><strong>sententia</strong></span> <span class='ocrx_word' id='word_1_171' title='bbox 762 1353 871 1388; x_wconf 85' lang='lat' dir='ltr'><strong>quam</strong></span> <span class='ocrx_word' id='word_1_172' title='bbox 903 1333 1000 1388; x_wconf 81' lang='lat' dir='ltr'><strong>apud</strong></span> <span class='ocrx_word' id='word_1_173' title='bbox 1026 1343 1115 1378; x_wconf 90' lang='lat' dir='ltr'><strong>duos</strong></span> <span class='ocrx_word' id='word_1_174' title='bbox 1143 1343 1223 1378; x_wconf 88' lang='lat' dir='ltr'><strong>illos</strong></span> <span class='ocrx_word' id='word_1_175' title='bbox 1250 1342 1442 1387; x_wconf 90' lang='lat' dir='ltr'><strong>scriptores</strong></span> <span class='ocrx_word' id='word_1_176' title='bbox 1467 1342 1622 1378; x_wconf 86' lang='lat' dir='ltr'><strong>vidimus</strong></span> 
     </span>
     <span class='ocr_line' id='line_1_20' title="bbox 179 1403 1621 1450; baseline 0.001 -11"><span class='ocrx_word' id='word_1_177' title='bbox 179 1405 366 1450; x_wconf 86' lang='lat' dir='ltr'><strong>tamquam</strong></span> <span class='ocrx_word' id='word_1_178' title='bbox 410 1405 662 1450; x_wconf 82' lang='lat' dir='ltr'><strong>argumentum</strong></span> <span class='ocrx_word' id='word_1_179' title='bbox 706 1415 829 1440; x_wconf 86' lang='lat' dir='ltr'><strong>eorum</strong></span> <span class='ocrx_word' id='word_1_180' title='bbox 871 1415 964 1450; x_wconf 90' lang='lat' dir='ltr'><strong>quae</strong></span> <span class='ocrx_word' id='word_1_181' title='bbox 1012 1405 1212 1450; x_wconf 88' lang='lat' dir='ltr'><strong>sequuntur</strong></span> <span class='ocrx_word' id='word_1_182' title='bbox 1264 1403 1491 1449; x_wconf 88' lang='lat' dir='ltr'><strong>propositum</strong></span> <span class='ocrx_word' id='word_1_183' title='bbox 1535 1415 1621 1441; x_wconf 89' lang='lat' dir='ltr'><strong>esse.</strong></span> 
     </span>
     <span class='ocr_line' id='line_1_21' title="bbox 180 1464 1623 1512; baseline 0.001 -13"><span class='ocrx_word' id='word_1_184' title='bbox 180 1464 373 1500; x_wconf 88' lang='lat' dir='ltr'><strong>Praeterea</strong></span> <span class='ocrx_word' id='word_1_185' title='bbox 400 1466 521 1500; x_wconf 83' lang='lat' dir='ltr'><strong>autem</strong></span> <span class='ocrx_word' id='word_1_186' title='bbox 548 1465 605 1501; x_wconf 93' lang='lat' dir='ltr'><strong>vel</strong></span> <span class='ocrx_word' id='word_1_187' title='bbox 630 1465 777 1501; x_wconf 85' lang='lat' dir='ltr'><strong>maioris</strong></span> <span class='ocrx_word' id='word_1_188' title='bbox 802 1465 906 1501; x_wconf 90' lang='lat' dir='ltr'><strong>nobis</strong></span> <span class='ocrx_word' id='word_1_189' title='bbox 931 1466 1073 1502; x_wconf 89' lang='lat' dir='ltr'><strong>videtur</strong></span> <span class='ocrx_word' id='word_1_190' title='bbox 1100 1477 1174 1501; x_wconf 88' lang='lat' dir='ltr'><strong>esse</strong></span> <span class='ocrx_word' id='word_1_191' title='bbox 1201 1465 1383 1512; x_wconf 88' lang='lat' dir='ltr'><strong>momenti,</strong></span> <span class='ocrx_word' id='word_1_192' title='bbox 1411 1465 1507 1511; x_wconf 91' lang='lat' dir='ltr'><strong>quod</strong></span> <span class='ocrx_word' id='word_1_193' title='bbox 1533 1465 1623 1501; x_wconf 89' lang='lat' dir='ltr'><strong>veri-</strong></span> 
     </span>
     <span class='ocr_line' id='line_1_22' title="bbox 181 1526 1624 1573; baseline 0.001 -12"><span class='ocrx_word' id='word_1_194' title='bbox 181 1526 402 1562; x_wconf 90' lang='lat' dir='ltr'><strong>simillimum</strong></span> <span class='ocrx_word' id='word_1_195' title='bbox 427 1529 482 1562; x_wconf 90' lang='lat' dir='ltr'><strong>cst</strong></span> <span class='ocrx_word' id='word_1_196' title='bbox 505 1527 657 1563; x_wconf 86' lang='lat' dir='ltr'><strong>eundem</strong></span> <span class='ocrx_word' id='word_1_197' title='bbox 682 1527 785 1562; x_wconf 89' lang='lat' dir='ltr'><strong>illum</strong></span> <span class='ocrx_word' id='word_1_198' title='bbox 809 1527 1067 1563; x_wconf 85' lang='lat' dir='ltr'><strong>sententiarum</strong></span> <span class='ocrx_word' id='word_1_199' title='bbox 1094 1539 1266 1563; x_wconf 86' lang='lat' dir='ltr'><strong>conexum</strong></span> <span class='ocrx_word' id='word_1_200' title='bbox 1292 1529 1333 1562; x_wconf 92' lang='lat' dir='ltr'><strong>ut</strong></span> <span class='ocrx_word' id='word_1_201' title='bbox 1363 1527 1401 1562; x_wconf 94' lang='lat' dir='ltr'><strong>in</strong></span> <span class='ocrx_word' id='word_1_202' title='bbox 1426 1527 1493 1563; x_wconf 85' lang='lat' dir='ltr'><strong>hac</strong></span> <span class='ocrx_word' id='word_1_203' title='bbox 1520 1529 1624 1573; x_wconf 87' lang='lat' dir='ltr'><strong>parte</strong></span> 
     </span>
     <span class='ocr_line' id='line_1_23' title="bbox 180 1587 1626 1635; baseline 0.001 -12"><span class='ocrx_word' id='word_1_204' title='bbox 180 1589 234 1624; x_wconf 88' lang='lat' dir='ltr'><strong>ita</strong></span> <span class='ocrx_word' id='word_1_205' title='bbox 253 1589 291 1623; x_wconf 91' lang='lat' dir='ltr'><strong>in</strong></span> <span class='ocrx_word' id='word_1_206' title='bbox 305 1589 469 1624; x_wconf 88' lang='lat' dir='ltr'><strong>omnibus</strong></span> <span class='ocrx_word' id='word_1_207' title='bbox 483 1600 574 1635; x_wconf 88' lang='lat' dir='ltr'><strong>quae</strong></span> <span class='ocrx_word' id='word_1_208' title='bbox 596 1589 789 1625; x_wconf 85' lang='lat' dir='ltr'><strong>secundum</strong></span> <span class='ocrx_word' id='word_1_209' title='bbox 810 1589 960 1624; x_wconf 90' lang='lat' dir='ltr'><strong>eundem</strong></span> <span class='ocrx_word' id='word_1_210' title='bbox 974 1591 1158 1625; x_wconf 85' lang='lat' dir='ltr'><strong>auctorem</strong></span> <span class='ocrx_word' id='word_1_211' title='bbox 1181 1600 1202 1623; x_wconf 90' lang='lat' dir='ltr'><strong>a</strong></span> <span class='ocrx_word' id='word_1_212' title='bbox 1222 1587 1460 1633; x_wconf 89' lang='lat' dir='ltr'><strong>scriptoribus</strong></span> <span class='ocrx_word' id='word_1_213' title='bbox 1485 1589 1626 1625; x_wconf 84' lang='lat' dir='ltr'><strong>tradita</strong></span> 
     </span>
     <span class='ocr_line' id='line_1_24' title="bbox 181 1638 1626 1696; baseline 0 -11"><span class='ocrx_word' id='word_1_214' title='bbox 181 1652 267 1685; x_wconf 87' lang='lat' dir='ltr'><strong>sunt</strong></span> <span class='ocrx_word' id='word_1_215' title='bbox 283 1638 379 1685; x_wconf 85' lang='lat' dir='ltr'><strong>cerni</strong></span> <span class='ocrx_word' id='word_1_216' title='bbox 397 1661 519 1696; x_wconf 78' lang='lat' dir='ltr'><strong>posse3</strong></span> <span class='ocrx_word' id='word_1_217' title='bbox 547 1661 639 1696; x_wconf 89' lang='lat' dir='ltr'><strong>quae</strong></span> <span class='ocrx_word' id='word_1_218' title='bbox 658 1649 858 1685; x_wconf 88' lang='lat' dir='ltr'><strong>certissima</strong></span> <span class='ocrx_word' id='word_1_219' title='bbox 874 1650 977 1686; x_wconf 86' lang='lat' dir='ltr'><strong>nobis</strong></span> <span class='ocrx_word' id='word_1_220' title='bbox 995 1650 1059 1687; x_wconf 88' lang='lat' dir='ltr'><strong>via</strong></span> <span class='ocrx_word' id='word_1_221' title='bbox 1072 1662 1114 1686; x_wconf 89' lang='lat' dir='ltr'><strong>ac</strong></span> <span class='ocrx_word' id='word_1_222' title='bbox 1132 1649 1226 1685; x_wconf 88' lang='lat' dir='ltr'><strong>ratio</strong></span> <span class='ocrx_word' id='word_1_223' title='bbox 1245 1651 1388 1695; x_wconf 84' lang='lat' dir='ltr'><strong>reperta</strong></span> <span class='ocrx_word' id='word_1_224' title='bbox 1412 1652 1477 1694; x_wconf 91' lang='lat' dir='ltr'><strong>est,</strong></span> <span class='ocrx_word' id='word_1_225' title='bbox 1491 1662 1564 1696; x_wconf 88' lang='lat' dir='ltr'><strong>qua</strong></span> <span class='ocrx_word' id='word_1_226' title='bbox 1588 1650 1626 1685; x_wconf 89' lang='lat' dir='ltr'><strong>in</strong></span> 
     </span>
     <span class='ocr_line' id='line_1_25' title="bbox 181 1700 1627 1757; baseline 0 -11"><span class='ocrx_word' id='word_1_227' title='bbox 181 1700 365 1747; x_wconf 85' lang='lat' dir='ltr'><strong>variorum</strong></span> <span class='ocrx_word' id='word_1_228' title='bbox 385 1711 601 1756; x_wconf 82' lang='lat' dir='ltr'><strong>scriptorum</strong></span> <span class='ocrx_word' id='word_1_229' title='bbox 622 1711 666 1746; x_wconf 88' lang='lat' dir='ltr'><strong>de</strong></span> <span class='ocrx_word' id='word_1_230' title='bbox 680 1711 729 1747; x_wconf 90' lang='lat' dir='ltr'><strong>eis</strong></span> <span class='ocrx_word' id='word_1_231' title='bbox 751 1722 843 1757; x_wconf 86' lang='lat' dir='ltr'><strong>quae</strong></span> <span class='ocrx_word' id='word_1_232' title='bbox 861 1713 1060 1757; x_wconf 84' lang='lat' dir='ltr'><strong>sequuntur</strong></span> <span class='ocrx_word' id='word_1_233' title='bbox 1081 1711 1350 1747; x_wconf 86' lang='lat' dir='ltr'><strong>narrationibus</strong></span> <span class='ocrx_word' id='word_1_234' title='bbox 1366 1722 1459 1756; x_wconf 87' lang='lat' dir='ltr'><strong>quae</strong></span> <span class='ocrx_word' id='word_1_235' title='bbox 1474 1711 1521 1746; x_wconf 89' lang='lat' dir='ltr'><strong>ad</strong></span> <span class='ocrx_word' id='word_1_236' title='bbox 1542 1722 1627 1746; x_wconf 87' lang='lat' dir='ltr'><strong>eun-</strong></span> 
     </span>
     <span class='ocr_line' id='line_1_26' title="bbox 184 1770 1629 1820; baseline 0.001 -13"><span class='ocrx_word' id='word_1_237' title='bbox 184 1772 264 1808; x_wconf 88' lang='lat' dir='ltr'><strong>dem</strong></span> <span class='ocrx_word' id='word_1_238' title='bbox 291 1775 476 1810; x_wconf 85' lang='lat' dir='ltr'><strong>auctorem</strong></span> <span class='ocrx_word' id='word_1_239' title='bbox 499 1770 686 1809; x_wconf 83' lang='lat' dir='ltr'><strong>referenda</strong></span> <span class='ocrx_word' id='word_1_240' title='bbox 712 1772 785 1809; x_wconf 87' lang='lat' dir='ltr'><strong>sint</strong></span> <span class='ocrx_word' id='word_1_241' title='bbox 810 1784 1085 1820; x_wconf 86' lang='lat' dir='ltr'><strong>cognoscamus:</strong></span> <span class='ocrx_word' id='word_1_242' title='bbox 1111 1785 1220 1820; x_wconf 88' lang='lat' dir='ltr'><strong>quam</strong></span> <span class='ocrx_word' id='word_1_243' title='bbox 1239 1771 1486 1819; x_wconf 88' lang='lat' dir='ltr'><strong>quaestionem</strong></span> <span class='ocrx_word' id='word_1_244' title='bbox 1511 1773 1629 1819; x_wconf 89' lang='lat' dir='ltr'><strong>capite</strong></span> 
     </span>
     <span class='ocr_line' id='line_1_27' title="bbox 185 1834 1627 1885; baseline 0.001 -16"><span class='ocrx_word' id='word_1_245' title='bbox 185 1834 347 1879; x_wconf 85' lang='lat' dir='ltr'><strong>proximo</strong></span> <span class='ocrx_word' id='word_1_246' title='bbox 368 1847 479 1885; x_wconf 87' lang='lat' dir='ltr'><strong>usque</strong></span> <span class='ocrx_word' id='word_1_247' title='bbox 497 1835 543 1870; x_wconf 85' lang='lat' dir='ltr'><strong>ad</strong></span> <span class='ocrx_word' id='word_1_248' title='bbox 557 1846 717 1881; x_wconf 83' lang='lat' dir='ltr'><strong>pugnam</strong></span> <span class='ocrx_word' id='word_1_249' title='bbox 735 1835 832 1880; x_wconf 89' lang='lat' dir='ltr'><strong>apud</strong></span> <span class='ocrx_word' id='word_1_250' title='bbox 847 1835 965 1881; x_wconf 88' lang='lat' dir='ltr'><strong>Aegos</strong></span> <span class='ocrx_word' id='word_1_251' title='bbox 988 1836 1121 1870; x_wconf 90' lang='lat' dir='ltr'><strong>fiumen</strong></span> <span class='ocrx_word' id='word_1_252' title='bbox 1138 1834 1364 1870; x_wconf 85' lang='lat' dir='ltr'><strong>commissam</strong></span> <span class='ocrx_word' id='word_1_253' title='bbox 1379 1834 1627 1883; x_wconf 82' lang='lat' dir='ltr'><strong>perducemus.</strong></span> 
     </span>
     <span class='ocr_line' id='line_1_28' title="bbox 286 1885 1629 1943; baseline 0.001 -12"><span class='ocrx_word' id='word_1_254' title='bbox 286 1894 391 1931; x_wconf 88' lang='lat' dir='ltr'><strong>Hanc</strong></span> <span class='ocrx_word' id='word_1_255' title='bbox 418 1896 530 1943; x_wconf 84' lang='lat' dir='ltr'><strong>igitur</strong></span> <span class='ocrx_word' id='word_1_256' title='bbox 570 1896 613 1932; x_wconf 89' lang='lat' dir='ltr'><strong>de</strong></span> <span class='ocrx_word' id='word_1_257' title='bbox 654 1896 792 1931; x_wconf 91' lang='lat' dir='ltr'><strong>ultimis</strong></span> <span class='ocrx_word' id='word_1_258' title='bbox 824 1885 910 1932; x_wconf 84' lang='lat' dir='ltr'><strong>belli</strong></span> <span class='ocrx_word' id='word_1_259' title='bbox 936 1896 1229 1943; x_wconf 87' lang='lat' dir='ltr'><strong>Peloponnesiaci</strong></span> <span class='ocrx_word' id='word_1_260' title='bbox 1255 1895 1359 1931; x_wconf 90' lang='lat' dir='ltr'><strong>annis</strong></span> <span class='ocrx_word' id='word_1_261' title='bbox 1383 1896 1629 1932; x_wconf 87' lang='lat' dir='ltr'><strong>narrationem</strong></span> 
     </span>
     <span class='ocr_line' id='line_1_29' title="bbox 186 1957 1631 2005; baseline 0.001 -13"><span class='ocrx_word' id='word_1_262' title='bbox 186 1968 258 1993; x_wconf 91' lang='lat' dir='ltr'><strong>non</strong></span> <span class='ocrx_word' id='word_1_263' title='bbox 283 1969 387 2003; x_wconf 89' lang='lat' dir='ltr'><strong>posse</strong></span> <span class='ocrx_word' id='word_1_264' title='bbox 423 1957 569 2005; x_wconf 88' lang='lat' dir='ltr'><strong>omnino</strong></span> <span class='ocrx_word' id='word_1_265' title='bbox 606 1957 732 1993; x_wconf 87' lang='lat' dir='ltr'><strong>referri</strong></span> <span class='ocrx_word' id='word_1_266' title='bbox 767 1957 813 1994; x_wconf 88' lang='lat' dir='ltr'><strong>ad</strong></span> <span class='ocrx_word' id='word_1_267' title='bbox 850 1958 966 1996; x_wconf 82' lang='lat' dir='ltr'><strong>ullum</strong></span> <span class='ocrx_word' id='word_1_268' title='bbox 1004 1961 1189 1996; x_wconf 88' lang='lat' dir='ltr'><strong>auctorem</strong></span> <span class='ocrx_word' id='word_1_269' title='bbox 1226 1957 1288 2005; x_wconf 89' lang='lat' dir='ltr'><strong>qui</strong></span> <span class='ocrx_word' id='word_1_270' title='bbox 1319 1959 1403 2003; x_wconf 89' lang='lat' dir='ltr'><strong>post</strong></span> <span class='ocrx_word' id='word_1_271' title='bbox 1432 1957 1568 2003; x_wconf 86' lang='lat' dir='ltr'><strong>Ephori</strong></span> <span class='ocrx_word' id='word_1_272' title='bbox 1594 1962 1631 1994; x_wconf 90' lang='lat' dir='ltr'><strong>et</strong></span> 
     </span>
     <span class='ocr_line' id='line_1_30' title="bbox 134 2014 1631 2066; baseline 0.001 -13"><span class='ocrx_word' id='word_1_273' title='bbox 134 2014 137 2015; x_wconf 43' lang='lat'><em>⁷</em></span> <span class='ocrx_word' id='word_1_274' title='bbox 189 2019 409 2066; x_wconf 86' lang='lat' dir='ltr'><strong>Theopompi</strong></span> <span class='ocrx_word' id='word_1_275' title='bbox 435 2022 576 2066; x_wconf 88' lang='lat' dir='ltr'><strong>tempus</strong></span> <span class='ocrx_word' id='word_1_276' title='bbox 603 2020 797 2065; x_wconf 87' lang='lat' dir='ltr'><strong>scripserit,</strong></span> <span class='ocrx_word' id='word_1_277' title='bbox 825 2022 988 2066; x_wconf 88' lang='lat' dir='ltr'><strong>apparet.</strong></span> <span class='ocrx_word' id='word_1_278' title='bbox 1040 2020 1136 2056; x_wconf 89' lang='lat' dir='ltr'><strong>Nam</strong></span> <span class='ocrx_word' id='word_1_279' title='bbox 1170 2032 1211 2056; x_wconf 92' lang='lat' dir='ltr'><strong>eo</strong></span> <span class='ocrx_word' id='word_1_280' title='bbox 1249 2022 1410 2065; x_wconf 88' lang='lat' dir='ltr'><strong>tempore</strong></span> <span class='ocrx_word' id='word_1_281' title='bbox 1449 2031 1521 2065; x_wconf 90' lang='lat' dir='ltr'><strong>quo</strong></span> <span class='ocrx_word' id='word_1_282' title='bbox 1557 2017 1631 2055; x_wconf 90' lang='lat' dir='ltr'><strong>fac-</strong></span> 
     </span>
     <span class='ocr_line' id='line_1_31' title="bbox 189 2080 1632 2127; baseline -0.001 -11"><span class='ocrx_word' id='word_1_283' title='bbox 189 2080 329 2117; x_wconf 87' lang='lat' dir='ltr'><strong>tionum</strong></span> <span class='ocrx_word' id='word_1_284' title='bbox 377 2081 573 2118; x_wconf 82' lang='lat' dir='ltr'><strong>certamina</strong></span> <span class='ocrx_word' id='word_1_285' title='bbox 623 2081 721 2127; x_wconf 87' lang='lat' dir='ltr'><strong>apud</strong></span> <span class='ocrx_word' id='word_1_286' title='bbox 765 2081 1001 2119; x_wconf 82' lang='lat' dir='ltr'><strong>Athenienses</strong></span> <span class='ocrx_word' id='word_1_287' title='bbox 1040 2081 1334 2118; x_wconf 85' lang='lat' dir='ltr'><strong>defervescebant</strong></span> <span class='ocrx_word' id='word_1_288' title='bbox 1377 2082 1415 2116; x_wconf 88' lang='lat' dir='ltr'><strong>et</strong></span> <span class='ocrx_word' id='word_1_289' title='bbox 1455 2081 1566 2116; x_wconf 86' lang='lat' dir='ltr'><strong>animi</strong></span> <span class='ocrx_word' id='word_1_290' title='bbox 1609 2093 1632 2116; x_wconf 87' lang='lat' dir='ltr'><strong>a</strong></span> 
     </span>
     <span class='ocr_line' id='line_1_32' title="bbox 190 2142 1633 2189; baseline 0.001 -12"><span class='ocrx_word' id='word_1_291' title='bbox 190 2143 297 2179; x_wconf 89' lang='lat' dir='ltr'><strong>rebus</strong></span> <span class='ocrx_word' id='word_1_292' title='bbox 333 2143 487 2189; x_wconf 87' lang='lat' dir='ltr'><strong>publicis</strong></span> <span class='ocrx_word' id='word_1_293' title='bbox 517 2143 784 2187; x_wconf 86' lang='lat' dir='ltr'><strong>avertebantur,</strong></span> <span class='ocrx_word' id='word_1_294' title='bbox 824 2143 902 2179; x_wconf 91' lang='lat' dir='ltr'><strong>fieri</strong></span> <span class='ocrx_word' id='word_1_295' title='bbox 940 2156 1013 2180; x_wconf 91' lang='lat' dir='ltr'><strong>non</strong></span> <span class='ocrx_word' id='word_1_296' title='bbox 1044 2144 1179 2189; x_wconf 62' lang='lat' dir='ltr'><strong>potuit</strong></span> <span class='ocrx_word' id='word_1_297' title='bbox 1203 2143 1291 2189; x_wconf 87' lang='lat' dir='ltr'><strong>quin</strong></span> <span class='ocrx_word' id='word_1_298' title='bbox 1327 2142 1445 2189; x_wconf 73' lang='lat' dir='ltr'><strong>ipsum</strong></span> <span class='ocrx_word' id='word_1_299' title='bbox 1494 2142 1537 2178; x_wconf 91' lang='lat' dir='ltr'><strong>de</strong></span> <span class='ocrx_word' id='word_1_300' title='bbox 1577 2142 1633 2179; x_wconf 87' lang='lat' dir='ltr'><strong>his</strong></span> 
     </span>
     <span class='ocr_line' id='line_1_33' title="bbox 192 2203 1634 2252; baseline 0.001 -14"><span class='ocrx_word' id='word_1_301' title='bbox 192 2204 300 2240; x_wconf 89' lang='lat' dir='ltr'><strong>rebus</strong></span> <span class='ocrx_word' id='word_1_302' title='bbox 340 2205 513 2240; x_wconf 89' lang='lat' dir='ltr'><strong>iudicium</strong></span> <span class='ocrx_word' id='word_1_303' title='bbox 546 2203 661 2251; x_wconf 81' lang='lat' dir='ltr'><strong>magis</strong></span> <span class='ocrx_word' id='word_1_304' title='bbox 699 2215 722 2239; x_wconf 86' lang='lat' dir='ltr'><strong>a</strong></span> <span class='ocrx_word' id='word_1_305' title='bbox 756 2204 980 2252; x_wconf 79' lang='lat' dir='ltr'><strong>singulorum</strong></span> <span class='ocrx_word' id='word_1_306' title='bbox 1013 2205 1069 2241; x_wconf 89' lang='lat' dir='ltr'><strong>ira</strong></span> <span class='ocrx_word' id='word_1_307' title='bbox 1103 2217 1145 2241; x_wconf 88' lang='lat' dir='ltr'><strong>ac</strong></span> <span class='ocrx_word' id='word_1_308' title='bbox 1171 2204 1290 2240; x_wconf 88' lang='lat' dir='ltr'><strong>studio</strong></span> <span class='ocrx_word' id='word_1_309' title='bbox 1317 2203 1528 2240; x_wconf 87' lang='lat' dir='ltr'><strong>solveretur.</strong></span> <span class='ocrx_word' id='word_1_310' title='bbox 1579 2204 1634 2239; x_wconf 83' lang='lat' dir='ltr'><strong>Ex</strong></span> 
     </span>
     <span class='ocr_line' id='line_1_34' title="bbox 191 2264 1634 2314; baseline 0 -14"><span class='ocrx_word' id='word_1_311' title='bbox 191 2265 263 2302; x_wconf 88' lang='lat' dir='ltr'><strong>illis</strong></span> <span class='ocrx_word' id='word_1_312' title='bbox 289 2268 411 2303; x_wconf 90' lang='lat' dir='ltr'><strong>autem</strong></span> <span class='ocrx_word' id='word_1_313' title='bbox 446 2267 586 2302; x_wconf 88' lang='lat' dir='ltr'><strong>duobus</strong></span> <span class='ocrx_word' id='word_1_314' title='bbox 609 2266 846 2312; x_wconf 87' lang='lat' dir='ltr'><strong>scriptoribus</strong></span> <span class='ocrx_word' id='word_1_315' title='bbox 872 2266 1048 2314; x_wconf 76' lang='lat' dir='ltr'><strong>alterum,</strong></span> <span class='ocrx_word' id='word_1_316' title='bbox 1085 2266 1288 2313; x_wconf 86' lang='lat' dir='ltr'><strong>Ephorum,</strong></span> <span class='ocrx_word' id='word_1_317' title='bbox 1316 2264 1405 2300; x_wconf 82' lang='lat' dir='ltr'><strong>satis</strong></span> <span class='ocrx_word' id='word_1_318' title='bbox 1428 2267 1571 2301; x_wconf 88' lang='lat' dir='ltr'><strong>constat</strong></span> <span class='ocrx_word' id='word_1_319' title='bbox 1597 2269 1634 2301; x_wconf 92' lang='lat' dir='ltr'><strong>et</strong></span> 
     </span>
     <span class='ocr_line' id='line_1_35' title="bbox 194 2318 1636 2381; baseline 0.001 -19"><span class='ocrx_word' id='word_1_320' title='bbox 194 2318 326 2364; x_wconf 78' lang='lat' dir='ltr'><strong>iudicio</strong></span> <span class='ocrx_word' id='word_1_321' title='bbox 356 2328 567 2374; x_wconf 87' lang='lat' dir='ltr'><strong>plerumque</strong></span> <span class='ocrx_word' id='word_1_322' title='bbox 588 2338 701 2381; x_wconf 76' lang='lat' dir='ltr'><strong>aequo</strong></span> <span class='ocrx_word' id='word_1_323' title='bbox 729 2338 771 2363; x_wconf 86' lang='lat' dir='ltr'><strong>ac</strong></span> <span class='ocrx_word' id='word_1_324' title='bbox 795 2327 908 2363; x_wconf 89' lang='lat' dir='ltr'><strong>libero</strong></span> <span class='ocrx_word' id='word_1_325' title='bbox 932 2339 1038 2363; x_wconf 91' lang='lat' dir='ltr'><strong>usum</strong></span> <span class='ocrx_word' id='word_1_326' title='bbox 1064 2329 1100 2363; x_wconf 91' lang='lat' dir='ltr'><strong>et</strong></span> <span class='ocrx_word' id='word_1_327' title='bbox 1125 2327 1267 2363; x_wconf 88' lang='lat' dir='ltr'><strong>omnino</strong></span> <span class='ocrx_word' id='word_1_328' title='bbox 1286 2326 1404 2362; x_wconf 89' lang='lat' dir='ltr'><strong>minus</strong></span> <span class='ocrx_word' id='word_1_329' title='bbox 1419 2327 1457 2361; x_wconf 93' lang='lat' dir='ltr'><strong>in</strong></span> <span class='ocrx_word' id='word_1_330' title='bbox 1482 2327 1636 2373; x_wconf 85' lang='lat' dir='ltr'><strong>publicis</strong></span> 
     </span>
     <span class='ocr_line' id='line_1_36' title="bbox 143 2387 1637 2434; baseline 0.001 -12"><span class='ocrx_word' id='word_1_331' title='bbox 143 2397 146 2401; x_wconf 75' lang='grc'><strong>“</strong></span> <span class='ocrx_word' id='word_1_332' title='bbox 195 2388 302 2425; x_wconf 77' lang='lat' dir='ltr'><strong>rebus</strong></span> <span class='ocrx_word' id='word_1_333' title='bbox 328 2391 520 2433; x_wconf 85' lang='lat' dir='ltr'><strong>versatum,</strong></span> <span class='ocrx_word' id='word_1_334' title='bbox 549 2388 820 2434; x_wconf 87' lang='lat' dir='ltr'><strong>Theopompum</strong></span> <span class='ocrx_word' id='word_1_335' title='bbox 847 2390 973 2425; x_wconf 86' lang='lat' dir='ltr'><strong>contra</strong></span> <span class='ocrx_word' id='word_1_336' title='bbox 1003 2400 1075 2425; x_wconf 87' lang='lat' dir='ltr'><strong>non</strong></span> <span class='ocrx_word' id='word_1_337' title='bbox 1100 2388 1216 2425; x_wconf 91' lang='lat' dir='ltr'><strong>solum</strong></span> <span class='ocrx_word' id='word_1_338' title='bbox 1242 2387 1473 2434; x_wconf 86' lang='lat' dir='ltr'><strong>optimatium</strong></span> <span class='ocrx_word' id='word_1_339' title='bbox 1499 2389 1637 2424; x_wconf 89' lang='lat' dir='ltr'><strong>studio-</strong></span> 
     </span>
     <span class='ocr_line' id='line_1_37' title="bbox 197 2449 1637 2496; baseline 0.001 -12"><span class='ocrx_word' id='word_1_340' title='bbox 197 2459 273 2485; x_wconf 88' lang='lat' dir='ltr'><strong>sum</strong></span> <span class='ocrx_word' id='word_1_341' title='bbox 302 2451 411 2488; x_wconf 85' lang='lat' dir='ltr'><strong>fuisse</strong></span> <span class='ocrx_word' id='word_1_342' title='bbox 438 2453 474 2487; x_wconf 91' lang='lat' dir='ltr'><strong>et</strong></span> <span class='ocrx_word' id='word_1_343' title='bbox 506 2450 575 2496; x_wconf 88' lang='lat' dir='ltr'><strong>ipsi</strong></span> <span class='ocrx_word' id='word_1_344' title='bbox 603 2449 876 2486; x_wconf 89' lang='lat' dir='ltr'><strong>Atheniensium</strong></span> <span class='ocrx_word' id='word_1_345' title='bbox 904 2450 1036 2496; x_wconf 87' lang='lat' dir='ltr'><strong>populo</strong></span> <span class='ocrx_word' id='word_1_346' title='bbox 1062 2450 1256 2494; x_wconf 76' lang='lat' dir='ltr'><strong>inimicum,</strong></span> <span class='ocrx_word' id='word_1_347' title='bbox 1294 2450 1355 2486; x_wconf 83' lang='lat' dir='ltr'><strong>sed</strong></span> <span class='ocrx_word' id='word_1_348' title='bbox 1384 2451 1493 2486; x_wconf 88' lang='lat' dir='ltr'><strong>etiam</strong></span> <span class='ocrx_word' id='word_1_349' title='bbox 1534 2462 1637 2486; x_wconf 86' lang='lat' dir='ltr'><strong>suum</strong></span> 
     </span>
    </p>
   </div>
   <div class='ocr_carea' id='block_1_3' title="bbox 1511 2523 1549 2554">
    <p class='ocr_par' dir='ltr' id='par_1_3' title="bbox 1511 2523 1549 2554">
     <span class='ocr_line' id='line_1_38' title="bbox 1511 2523 1549 2554; baseline 0 -12"><span class='ocrx_word' id='word_1_350' title='bbox 1511 2523 1549 2554; x_wconf 67' lang='lat'><strong>2*</strong></span> 
     </span>
    </p>
   </div>
  </div>
 </body>
</html>
