1755 2892
852 92 958 181 ,11

160 254 411 296 additamenta
437 256 473 291 et
500 266 605 290 suum
631 255 769 290 certum
807 255 850 290 de
877 256 994 291 rebus
1009 255 1190 299 iudicium,
1222 255 1300 291 >iam
1325 254 1520 291 verisimile
1543 255 1599 290 est

162 313 320 362 Ephor
333 328 353 353 o
392 327 471 352 eam
497 314 750 352 vindicandam
786 327 873 354 esse.
925 316 1021 352 Nam
1057 329 1171 364 neque
1210 316 1286 354 ulla
1311 328 1420 354 causa
1445 311 1604 363 proferri

160 380 280 429 potest
306 389 369 414 cur
403 377 450 413 ad
476 377 587 412 alium
613 388 830 422 quemquam
862 378 1080 422 ‘scriptorem
1107 391 1186 414 eam
1212 377 1420 426 referamus,
1448 382 1484 414 et
1509 388 1602 425 quae

160 438 266 476 huius
301 438 486 475 relationis
516 438 664 485 propria
697 440 782 475 sunt
813 450 893 479 cum
943 439 992 476 eis
1032 451 1124 486 quae
1170 440 1213 476 de
1252 440 1389 487 Ephori
1423 438 1602 477 scribendi

159 512 286 547 genere
319 502 487 536 constant
522 500 706 544 aptissime
751 501 979 538 conveniunt.
1040 501 1082 535 In
1119 502 1205 547 ipsis
1240 502 1334 537 enim
1371 503 1478 538 rebus
1517 513 1600 538 cum

161 561 390 597 cautissimus
424 560 580 605 scriptor
607 560 851 607 Thucydidem
888 563 929 596 ut
966 561 1141 607 optimum
1181 564 1364 598 auctorem
1388 563 1599 609 plerumque

161 621 384 670 sequeretur,
424 621 567 658 addidit
605 622 778 658 nonnulla
817 633 910 669 quae
960 623 1103 660 aliunde
1143 626 1374 671 cognoverat,
1419 636 1600 671 nusquam

160 684 193 720 ei
230 695 378 729 prorsus
418 683 560 718 diversa
597 681 763 720 tradidit.
826 683 1027 719 Dilucidius
1075 684 1184 720 etiam
1220 685 1258 719 in
1298 686 1347 720 eis
1387 697 1480 731 quae
1519 698 1603 732 per·

158 745 276 781 tinent
300 743 347 779 ad
368 743 487 790 ipsum
509 743 552 779 de
565 744 673 781 rebus
686 744 859 781 iudicium
882 744 1018 791 Ephori
1034 746 1259 793 agnoscimus
1278 746 1471 794 ingenium.
1512 747 1600 784 Cum

160 807 254 847 enim
271 818 344 842 non
366 809 408 841 ut
421 806 647 852 Thucydides
672 807 722 842 eis
745 807 853 843 rebus
869 819 960 854 quas
987 808 1130 854 scripsit
1145 809 1223 854 ipse
1241 809 1456 856 interfuerit,
1478 810 1601 845 mitius

160 869 204 904 de
227 868 407 915 plerisque
421 867 508 903 tulit
522 867 695 904 iudicium
718 869 755 904 et
776 869 907 905 merita
925 871 961 905 ct
982 869 1125 915 culpam
1146 881 1255 916 quam
1270 870 1482 917 aequissime
1506 871 1602 907 inter

158 930 280 967 varias
317 933 440 978 partes
474 929 677 975 distribuit3
705 930 805 967 velut
829 931 1054 967 Alcibiadem
1087 944 1201 978 neque
1232 934 1310 969 tam
1349 933 1524 978 perfidum
1565 935 1602 969 et

160 1001 307 1028 suarum
335 1004 474 1039 semper
498 1004 617 1028 rerum
643 993 844 1029 studiosum
869 993 955 1044 fecit
983 1005 1093 1041 quam
1119 994 1343 1040 Thucydides
1376 1006 1490 1041 neque
1523 997 1600 1031 tam

158 1066 289 1102 magno
329 1055 448 1091 animo
498 1057 535 1091 et
578 1067 690 1101 paene
750 1056 795 1091 ab
843 1057 941 1092 omni
990 1057 1080 1093 vitio
1133 1067 1285 1092 vacuum
1336 1069 1445 1103 quam
1485 1057 1601 1093 altera

157 1117 222 1152 illa
258 1117 433 1155 narratio.
489 1117 715 1163 Quamquam
756 1118 850 1153 enim
891 1118 978 1164 quid
1017 1118 1073 1153 ius
1111 1117 1238 1163 fasque
1270 1115 1318 1153 sit
1355 1118 1429 1154 eius
1455 1118 1600 1154 minime

158 1179 280 1225 magni
321 1178 526 1215 interfuisse
563 1179 732 1223 traditur,
772 1180 894 1215 tamen
937 1191 1018 1215 eum
1059 1179 1251 1215 dummodo
1289 1179 1398 1215 vellet
1438 1180 1600 1225 potuisse

104 1289 107 1292 Α
159 1240 296 1286 aliquid
323 1240 460 1276 efficere
486 1241 574 1277 satis
599 1241 829 1287 perspicuum
854 1243 908 1277 est
935 1243 971 1276 et
994 1241 1100 1287 plura
1131 1241 1170 1276 in
1196 1252 1236 1277 eo
1262 1241 1464 1278 laudantur
1490 1253 1599 1289 quam

160 1303 257 1349 apud
269 1303 525 1350 Thucydidem.
554 1302 691 1346 Quibus
709 1303 940 1350 argumentis,
950 1315 1170 1350 quamquam
1184 1304 1304 1340 omnia
1319 1315 1391 1340 non
1403 1305 1481 1339 tam
1498 1303 1602 1339 firma

159 1366 243 1400 sunt
268 1360 315 1402 ut
335 1365 436 1401 nulla
460 1364 686 1411 relinquatur
712 1364 903 1413 dubitatio,
942 1367 1063 1414 tamen
1089 1365 1127 1400 id
1152 1364 1239 1401 mihi
1270 1365 1413 1401 videtur
1439 1376 1601 1411 compro-

157 1426 248 1470 bari,
278 1427 342 1463 has
367 1429 552 1463 variorum
577 1426 794 1472 scriptorum
816 1429 938 1473 partes
964 1428 1010 1463 ad
1036 1440 1147 1463 unum
1158 1415 1394 1475 'eundemque
1419 1429 1601 1464 auctorem

157 1486 361 1524 referendas
395 1500 479 1533 esse,
520 1499 626 1534 quem
658 1499 733 1524 esse
758 1488 943 1533 Ephorum
978 1490 1055 1526 veri
1086 1490 1214 1525 saltem
1241 1489 1463 1525 simillimum
1489 1488 1599 1525 videri

144 1561 261 1585 ¹nemo
287 1561 359 1585 non
387 1550 565 1588 concedet.

260 1610 453 1648 Graviores
479 1608 607 1648 causae
626 1615 710 1649 sunt
733 1613 779 1649 ob
806 1624 896 1659 quas
922 1612 1075 1648 alteram
1100 1612 1200 1647 illam
1226 1611 1438 1648 relationem
1465 1612 1600 1648 Theo-

137 1684 213 1719 ,ρο
227 1685 301 1719 mp
316 1685 336 1709 ο
361 1674 574 1713 tribuamus.
628 1674 790 1709 Primum
816 1685 860 1709 ne
889 1685 963 1709 esse
989 1673 1133 1720 quidem
1160 1673 1304 1709 videtur
1319 1673 1412 1717 alius
1441 1674 1596 1720 scriptor

156 1737 300 1779 praeter
326 1735 511 1780 Ephorum
537 1738 573 1771 et
599 1736 889 1781 Theopompum,
933 1735 980 1770 ad
1007 1746 1112 1781 quem
1139 1735 1349 1770 relationem
1378 1737 1455 1770 tam
1484 1736 1602 1781 ample

157 1797 194 1831 et
219 1797 386 1833 accurate
412 1796 585 1843 scriptam
610 1794 820 1835 referamus.
872 1795 1026 1843 Deinde,
1069 1796 1167 1842 quod
1193 1795 1391 1833 Stedefeldt
1411 1796 1436 1841 1)
1463 1796 1604 1833 monuit

158 1869 194 1902 p.
222 1849 281 1904 27,
320 1857 473 1894 Cornelii
497 1859 612 1895 vitam
639 1859 838 1895 Alcibiadis
865 1870 907 1894 ex
945 1858 1174 1903 Theopompo
1193 1859 1384 1903 *sumptam
1413 1869 1488 1894 esse
1514 1860 1603 1894 satis

158 1918 344 1964 probabile
370 1919 513 1955 videtur
538 1922 687 1969 propter
714 1932 795 1956 eum
819 1920 939 1955 locum
977 1919 1040 1965 qui
1066 1920 1121 1954 est
1145 1918 1182 1953 in
1209 1930 1239 1956 c.
1269 1919 1310 1957 11
1332 1932 1341 1962 ;
1384 1930 1466 1954 cum
1507 1919 1602 1955 enim

158 1979 255 2015 dicat
281 1979 527 2027 Thucydidem
567 1981 755 2018 Timaeum
793 1981 1062 2027 Theopompum
1087 1979 1177 2015 bene
1217 1980 1393 2022 iudicasse
1433 1981 1476 2016 de
1505 1981 1605 2016 Alci-

157 2040 274 2085 biade,
302 2045 455 2088 apparet
480 2055 592 2078 unum
612 2043 742 2079 saltem
768 2054 811 2078 ex
836 2042 893 2078 his
920 2054 1002 2078 eum
1021 2043 1105 2077 ante
1123 2041 1243 2077 oculos
1269 2041 1461 2086 habuisse;
1485 2054 1600 2089 neque

157 2113 279 2147 ssamen
305 2104 501 2151 verisimile
526 2107 581 2141 est
606 2117 686 2141 eum
713 2106 778 2140 aut
803 2104 1045 2151 Thucydidem
1073 2105 1137 2139 aut
1169 2103 1355 2138 Timaeum
1382 2104 1601 2157 adhibuisse,

158 2166 221 2206 sed
246 2167 361 2202 solum
384 2167 665 2212 Theopompum.
716 2165 832 2202 Multo
859 2167 984 2202 autem
1000 2165 1137 2201 firmius
1164 2168 1418 2212 argumentum
1439 2165 1506 2200 hoc
1536 2167 1604 2209 est,

159 2226 256 2271 quod
292 2227 357 2262 illa
395 2228 500 2263 huius
526 2227 711 2264 relationis
751 2227 794 2262 de
820 2226 1009 2262 Alcibiade
1050 2225 1239 2268 sententia,
1283 2237 1374 2271 quae
1398 2237 1421 2261 a
1446 2225 1603 2262 veritate

158 2287 233 2323 sine
260 2287 368 2325 dubio
395 2289 549 2325 multum
563 2288 713 2325 discedit
739 2289 909 2336 cuiusque
928 2299 1036 2324 causa
1061 2289 1103 2323 ut
1128 2287 1362 2334 intellegatur
1391 2287 1602 2333 quaestione

199 2427 207 2430 ⁴
250 2415 271 2454 ¹)
306 2414 347 2448 H.
371 2414 574 2455 Stedefeldt‚
598 2416 640 2449 de
664 2415 829 2458 Lysandri
856 2411 1055 2448 Plutarchei
1079 2414 1246 2454 fontibus,
1293 2414 1435 2447 Bonnae
1462 2414 1557 2448 1867.

1497 2482 1516 2511 2
