<?xml version="1.0" encoding="UTF-8"?>
<!DOCTYPE html PUBLIC "-//W3C//DTD XHTML 1.0 Transitional//EN"
    "http://www.w3.org/TR/xhtml1/DTD/xhtml1-transitional.dtd">
<html xmlns="http://www.w3.org/1999/xhtml" xml:lang="en" lang="en">
 <head>
  <title>
</title>
<meta http-equiv="Content-Type" content="text/html;charset=utf-8" />
  <meta name='ocr-system' content='tesseract 3.04.00' />
  <meta name='ocr-capabilities' content='ocr_page ocr_carea ocr_par ocr_line ocrx_word'/>
</head>
<body>
  <div class='ocr_page' id='page_1' title='image "4737252_0019.png"; bbox 0 0 1755 2892; ppageno 0'>
   <div class='ocr_carea' id='block_1_1' title="bbox 878 153 902 195">
    <p class='ocr_par' dir='ltr' id='par_1_1' title="bbox 878 153 902 195">
     <span class='ocr_line' id='line_1_1' title="bbox 878 153 902 195; baseline 0 0"><span class='ocrx_word' id='word_1_1' title='bbox 878 153 902 195; x_wconf 87' lang='lat'>7</span> 
     </span>
    </p>
   </div>
   <div class='ocr_carea' id='block_1_2' title="bbox 155 267 1599 2487">
    <p class='ocr_par' dir='ltr' id='par_1_2' title="bbox 161 267 1599 1133">
     <span class='ocr_line' id='line_1_2' title="bbox 167 267 1599 331; baseline 0.001 -13"><span class='ocrx_word' id='word_1_2' title='bbox 167 281 320 319; x_wconf 86' lang='lat' dir='ltr'><strong>hominis</strong></span> <span class='ocrx_word' id='word_1_3' title='bbox 359 267 583 329; x_wconf 46' lang='lat' dir='ltr'><strong>praestantia</strong></span> <span class='ocrx_word' id='word_1_4' title='bbox 621 284 821 320; x_wconf 85' lang='lat' dir='ltr'><strong>illustretur</strong></span> <span class='ocrx_word' id='word_1_5' title='bbox 858 284 960 320; x_wconf 82' lang='lat' dir='ltr'><strong>facile</strong></span> <span class='ocrx_word' id='word_1_6' title='bbox 999 285 1225 331; x_wconf 86' lang='lat' dir='ltr'><strong>perspicitur.</strong></span> <span class='ocrx_word' id='word_1_7' title='bbox 1276 285 1351 322; x_wconf 87' lang='lat' dir='ltr'><strong>Nec</strong></span> <span class='ocrx_word' id='word_1_8' title='bbox 1375 284 1493 321; x_wconf 87' lang='lat' dir='ltr'><strong>minus</strong></span> <span class='ocrx_word' id='word_1_9' title='bbox 1517 296 1599 321; x_wconf 90' lang='lat' dir='ltr'><strong>con-</strong></span> 
     </span>
     <span class='ocr_line' id='line_1_3' title="bbox 167 344 1598 392; baseline 0.001 -12"><span class='ocrx_word' id='word_1_10' title='bbox 167 344 318 380; x_wconf 88' lang='lat' dir='ltr'><strong>veniunt</strong></span> <span class='ocrx_word' id='word_1_11' title='bbox 353 357 433 381; x_wconf 88' lang='lat' dir='ltr'><strong>cum</strong></span> <span class='ocrx_word' id='word_1_12' title='bbox 460 345 576 389; x_wconf 78' lang='lat' dir='ltr'><strong>Diod.¹</strong></span> <span class='ocrx_word' id='word_1_13' title='bbox 620 358 712 392; x_wconf 87' lang='lat' dir='ltr'><strong>quae</strong></span> <span class='ocrx_word' id='word_1_14' title='bbox 737 346 781 381; x_wconf 93' lang='lat' dir='ltr'><strong>de</strong></span> <span class='ocrx_word' id='word_1_15' title='bbox 819 345 1017 382; x_wconf 80' lang='lat' dir='ltr'><strong>Alcibiadis</strong></span> <span class='ocrx_word' id='word_1_16' title='bbox 1049 347 1086 381; x_wconf 88' lang='lat' dir='ltr'><strong>in</strong></span> <span class='ocrx_word' id='word_1_17' title='bbox 1124 348 1281 392; x_wconf 88' lang='lat' dir='ltr'><strong>patriam</strong></span> <span class='ocrx_word' id='word_1_18' title='bbox 1318 359 1439 382; x_wconf 87' lang='lat' dir='ltr'><strong>amore</strong></span> <span class='ocrx_word' id='word_1_19' title='bbox 1479 349 1516 382; x_wconf 90' lang='lat' dir='ltr'><strong>et</strong></span> <span class='ocrx_word' id='word_1_20' title='bbox 1555 347 1598 382; x_wconf 89' lang='lat' dir='ltr'><strong>de</strong></span> 
     </span>
     <span class='ocr_line' id='line_1_4' title="bbox 168 405 1598 455; baseline 0.002 -14"><span class='ocrx_word' id='word_1_21' title='bbox 168 405 396 443; x_wconf 85' lang='lat' dir='ltr'><strong>Theramenis</strong></span> <span class='ocrx_word' id='word_1_22' title='bbox 421 406 559 443; x_wconf 91' lang='lat' dir='ltr'><strong>meritis</strong></span> <span class='ocrx_word' id='word_1_23' title='bbox 593 407 826 454; x_wconf 87' lang='lat' dir='ltr'><strong>proferuntur</strong></span> <span class='ocrx_word' id='word_1_24' title='bbox 852 418 874 443; x_wconf 86' lang='lat' dir='ltr'><strong>a</strong></span> <span class='ocrx_word' id='word_1_25' title='bbox 900 406 1005 446; x_wconf 83' lang='lat' dir='ltr'><strong>Corn.</strong></span> <span class='ocrx_word' id='word_1_26' title='bbox 1055 407 1161 444; x_wconf 80' lang='lat' dir='ltr'><strong>Jdem</strong></span> <span class='ocrx_word' id='word_1_27' title='bbox 1184 410 1371 455; x_wconf 88' lang='lat' dir='ltr'><strong>praeterea</strong></span> <span class='ocrx_word' id='word_1_28' title='bbox 1396 408 1598 444; x_wconf 73' lang='lat' dir='ltr'><strong>accuratius</strong></span> 
     </span>
     <span class='ocr_line' id='line_1_5' title="bbox 168 468 1595 518; baseline 0.003 -15"><span class='ocrx_word' id='word_1_29' title='bbox 168 468 211 504; x_wconf 88' lang='lat' dir='ltr'><strong>de</strong></span> <span class='ocrx_word' id='word_1_30' title='bbox 236 468 316 505; x_wconf 90' lang='lat' dir='ltr'><strong>aliis</strong></span> <span class='ocrx_word' id='word_1_31' title='bbox 339 468 446 504; x_wconf 88' lang='lat' dir='ltr'><strong>rebus</strong></span> <span class='ocrx_word' id='word_1_32' title='bbox 470 468 642 515; x_wconf 79' lang='lat' dir='ltr'><strong>loquitur,</strong></span> <span class='ocrx_word' id='word_1_33' title='bbox 678 481 771 515; x_wconf 88' lang='lat' dir='ltr'><strong>quae</strong></span> <span class='ocrx_word' id='word_1_34' title='bbox 808 469 905 515; x_wconf 90' lang='lat' dir='ltr'><strong>apud</strong></span> <span class='ocrx_word' id='word_1_35' title='bbox 929 468 1034 505; x_wconf 88' lang='lat' dir='ltr'>Diod.</span> <span class='ocrx_word' id='word_1_36' title='bbox 1071 469 1220 506; x_wconf 86' lang='lat' dir='ltr'><strong>omissae</strong></span> <span class='ocrx_word' id='word_1_37' title='bbox 1255 473 1362 510; x_wconf 81' lang='lat' dir='ltr'><strong>sunt:</strong></span> <span class='ocrx_word' id='word_1_38' title='bbox 1395 471 1432 506; x_wconf 94' lang='lat' dir='ltr'><strong>in</strong></span> <span class='ocrx_word' id='word_1_39' title='bbox 1464 470 1595 518; x_wconf 85' lang='lat' dir='ltr'><strong>quibus</strong></span> 
     </span>
     <span class='ocr_line' id='line_1_6' title="bbox 166 529 1596 578; baseline 0.003 -14"><span class='ocrx_word' id='word_1_40' title='bbox 166 529 332 568; x_wconf 87' lang='lat' dir='ltr'><strong>omnibus</strong></span> <span class='ocrx_word' id='word_1_41' title='bbox 373 529 496 565; x_wconf 88' lang='lat' dir='ltr'><strong>eadem</strong></span> <span class='ocrx_word' id='word_1_42' title='bbox 535 530 579 565; x_wconf 91' lang='lat' dir='ltr'><strong>de</strong></span> <span class='ocrx_word' id='word_1_43' title='bbox 623 529 808 566; x_wconf 75' lang='lat' dir='ltr'><strong>Alcibiade</strong></span> <span class='ocrx_word' id='word_1_44' title='bbox 844 529 1022 566; x_wconf 88' lang='lat' dir='ltr'><strong>sententia</strong></span> <span class='ocrx_word' id='word_1_45' title='bbox 1058 530 1235 578; x_wconf 88' lang='lat' dir='ltr'><strong>cernitur,</strong></span> <span class='ocrx_word' id='word_1_46' title='bbox 1271 543 1380 578; x_wconf 86' lang='lat' dir='ltr'><strong>quam</strong></span> <span class='ocrx_word' id='word_1_47' title='bbox 1417 534 1453 568; x_wconf 90' lang='lat' dir='ltr'><strong>et</strong></span> <span class='ocrx_word' id='word_1_48' title='bbox 1490 532 1596 569; x_wconf 88' lang='lat' dir='ltr'><strong>huius</strong></span> 
     </span>
     <span class='ocr_line' id='line_1_7' title="bbox 167 591 1594 641; baseline 0 -11"><span class='ocrx_word' id='word_1_49' title='bbox 167 591 354 630; x_wconf 80' lang='lat' dir='ltr'><strong>relationis</strong></span> <span class='ocrx_word' id='word_1_50' title='bbox 379 592 561 638; x_wconf 84' lang='lat' dir='ltr'>propriam</span> <span class='ocrx_word' id='word_1_51' title='bbox 589 604 664 629; x_wconf 90' lang='lat' dir='ltr'><strong>esse</strong></span> <span class='ocrx_word' id='word_1_52' title='bbox 688 594 725 628; x_wconf 91' lang='lat' dir='ltr'><strong>et</strong></span> <span class='ocrx_word' id='word_1_53' title='bbox 751 604 773 628; x_wconf 91' lang='lat' dir='ltr'><strong>a</strong></span> <span class='ocrx_word' id='word_1_54' title='bbox 787 592 898 631; x_wconf 86' lang='lat' dir='ltr'><strong>Thuc.</strong></span> <span class='ocrx_word' id='word_1_55' title='bbox 926 592 1080 629; x_wconf 90' lang='lat' dir='ltr'><strong>multum</strong></span> <span class='ocrx_word' id='word_1_56' title='bbox 1104 592 1245 629; x_wconf 85' lang='lat' dir='ltr'><strong>differre</strong></span> <span class='ocrx_word' id='word_1_57' title='bbox 1256 593 1420 633; x_wconf 84' lang='lat' dir='ltr'><strong>vidimus.</strong></span> <span class='ocrx_word' id='word_1_58' title='bbox 1456 595 1594 641; x_wconf 86' lang='lat' dir='ltr'><strong>Thucy-</strong></span> 
     </span>
     <span class='ocr_line' id='line_1_8' title="bbox 166 653 1593 701; baseline 0 -10"><span class='ocrx_word' id='word_1_59' title='bbox 166 654 241 691; x_wconf 88' lang='lat' dir='ltr'><strong>didi</strong></span> <span class='ocrx_word' id='word_1_60' title='bbox 263 653 357 689; x_wconf 90' lang='lat' dir='ltr'><strong>enim</strong></span> <span class='ocrx_word' id='word_1_61' title='bbox 382 653 413 689; x_wconf 87' lang='lat' dir='ltr'><strong>si</strong></span> <span class='ocrx_word' id='word_1_62' title='bbox 438 653 650 689; x_wconf 89' lang='lat' dir='ltr'><strong>credendum</strong></span> <span class='ocrx_word' id='word_1_63' title='bbox 677 655 741 697; x_wconf 92' lang='lat' dir='ltr'><strong>est,</strong></span> <span class='ocrx_word' id='word_1_64' title='bbox 767 653 973 690; x_wconf 82' lang='lat' dir='ltr'><strong>Alcibiades</strong></span> <span class='ocrx_word' id='word_1_65' title='bbox 987 665 1028 690; x_wconf 90' lang='lat' dir='ltr'><strong>eo</strong></span> <span class='ocrx_word' id='word_1_66' title='bbox 1052 654 1286 700; x_wconf 82' lang='lat' dir='ltr'><strong>suspicionem</strong></span> <span class='ocrx_word' id='word_1_67' title='bbox 1307 656 1404 701; x_wconf 86' lang='lat' dir='ltr'><strong>apud</strong></span> <span class='ocrx_word' id='word_1_68' title='bbox 1417 655 1593 691; x_wconf 88' lang='lat' dir='ltr'><strong>Lacedae·</strong></span> 
     </span>
     <span class='ocr_line' id='line_1_9' title="bbox 165 714 1593 762; baseline 0 -10"><span class='ocrx_word' id='word_1_69' title='bbox 165 716 303 752; x_wconf 90' lang='lat' dir='ltr'><strong>monios</strong></span> <span class='ocrx_word' id='word_1_70' title='bbox 327 714 454 762; x_wconf 89' lang='lat' dir='ltr'><strong>movit,</strong></span> <span class='ocrx_word' id='word_1_71' title='bbox 479 715 565 761; x_wconf 87' lang='lat' dir='ltr'><strong>quia</strong></span> <span class='ocrx_word' id='word_1_72' title='bbox 587 716 844 761; x_wconf 86' lang='lat' dir='ltr'><strong>perspexerunt</strong></span> <span class='ocrx_word' id='word_1_73' title='bbox 868 727 948 751; x_wconf 91' lang='lat' dir='ltr'><strong>eum</strong></span> <span class='ocrx_word' id='word_1_74' title='bbox 974 715 1152 751; x_wconf 87' lang='lat' dir='ltr'><strong>hominem</strong></span> <span class='ocrx_word' id='word_1_75' title='bbox 1176 727 1327 761; x_wconf 78' lang='lat' dir='ltr'><strong>pravum</strong></span> <span class='ocrx_word' id='word_1_76' title='bbox 1353 728 1395 752; x_wconf 86' lang='lat' dir='ltr'><strong>ac</strong></span> <span class='ocrx_word' id='word_1_77' title='bbox 1418 717 1593 762; x_wconf 87' lang='lat' dir='ltr'><strong>perfidum</strong></span> 
     </span>
     <span class='ocr_line' id='line_1_10' title="bbox 165 776 1592 824; baseline 0.001 -10"><span class='ocrx_word' id='word_1_78' title='bbox 165 788 261 816; x_wconf 76' lang='lat' dir='ltr'><strong>esse:</strong></span> <span class='ocrx_word' id='word_1_79' title='bbox 288 778 414 813; x_wconf 87' lang='lat' dir='ltr'><strong>contra</strong></span> <span class='ocrx_word' id='word_1_80' title='bbox 432 776 462 812; x_wconf 87' lang='lat' dir='ltr'><strong>si</strong></span> <span class='ocrx_word' id='word_1_81' title='bbox 487 776 648 813; x_wconf 86' lang='lat' dir='ltr'><strong>Cornelio</strong></span> <span class='ocrx_word' id='word_1_82' title='bbox 671 776 778 812; x_wconf 89' lang='lat' dir='ltr'><strong>fidem</strong></span> <span class='ocrx_word' id='word_1_83' title='bbox 794 776 977 821; x_wconf 88' lang='lat' dir='ltr'><strong>habemus,</strong></span> <span class='ocrx_word' id='word_1_84' title='bbox 997 776 1195 813; x_wconf 86' lang='lat' dir='ltr'><strong>timuerunt</strong></span> <span class='ocrx_word' id='word_1_85' title='bbox 1207 788 1298 821; x_wconf 89' lang='lat' dir='ltr'><strong>eum,</strong></span> <span class='ocrx_word' id='word_1_86' title='bbox 1315 777 1401 824; x_wconf 91' lang='lat' dir='ltr'><strong>quia</strong></span> <span class='ocrx_word' id='word_1_87' title='bbox 1412 778 1592 815; x_wconf 87' lang='lat' dir='ltr'><strong>intellexe-</strong></span> 
     </span>
     <span class='ocr_line' id='line_1_11' title="bbox 165 837 1592 887; baseline 0 -10"><span class='ocrx_word' id='word_1_88' title='bbox 165 841 252 877; x_wconf 89' lang='lat' dir='ltr'><strong>runt</strong></span> <span class='ocrx_word' id='word_1_89' title='bbox 276 837 353 877; x_wconf 90' lang='lat' dir='ltr'><strong>fore</strong></span> <span class='ocrx_word' id='word_1_90' title='bbox 377 841 420 875; x_wconf 90' lang='lat' dir='ltr'><strong>ut</strong></span> <span class='ocrx_word' id='word_1_91' title='bbox 444 839 586 886; x_wconf 89' lang='lat' dir='ltr'><strong>patriae</strong></span> <span class='ocrx_word' id='word_1_92' title='bbox 605 839 694 876; x_wconf 88' lang='lat' dir='ltr'><strong>adeo</strong></span> <span class='ocrx_word' id='word_1_93' title='bbox 708 851 833 876; x_wconf 85' lang='lat' dir='ltr'><strong>amans</strong></span> <span class='ocrx_word' id='word_1_94' title='bbox 856 839 961 876; x_wconf 89' lang='lat' dir='ltr'><strong>homo</strong></span> <span class='ocrx_word' id='word_1_95' title='bbox 990 838 1183 886; x_wconf 84' lang='lat' dir='ltr'><strong>aliquando</strong></span> <span class='ocrx_word' id='word_1_96' title='bbox 1206 840 1252 876; x_wconf 89' lang='lat' dir='ltr'><strong>ab</strong></span> <span class='ocrx_word' id='word_1_97' title='bbox 1269 840 1357 887; x_wconf 88' lang='lat' dir='ltr'><strong>ipsis</strong></span> <span class='ocrx_word' id='word_1_98' title='bbox 1382 840 1592 877; x_wconf 86' lang='lat' dir='ltr'><strong>descisceret</strong></span> 
     </span>
     <span class='ocr_line' id='line_1_12' title="bbox 165 892 1592 949; baseline 0 -11"><span class='ocrx_word' id='word_1_99' title='bbox 165 903 202 938; x_wconf 90' lang='lat' dir='ltr'><strong>et</strong></span> <span class='ocrx_word' id='word_1_100' title='bbox 228 913 308 937; x_wconf 90' lang='lat' dir='ltr'><strong>cum</strong></span> <span class='ocrx_word' id='word_1_101' title='bbox 334 900 407 937; x_wconf 86' lang='lat' dir='ltr'><strong>suis</strong></span> <span class='ocrx_word' id='word_1_102' title='bbox 431 900 469 936; x_wconf 88' lang='lat' dir='ltr'><strong>in</strong></span> <span class='ocrx_word' id='word_1_103' title='bbox 488 892 644 948; x_wconf 59' lang='lat' dir='ltr'><strong>gratiam</strong></span> <span class='ocrx_word' id='word_1_104' title='bbox 662 902 806 939; x_wconf 78' lang='lat' dir='ltr'><strong>rediret.</strong></span> <span class='ocrx_word' id='word_1_105' title='bbox 856 901 942 937; x_wconf 91' lang='lat' dir='ltr'><strong>Inde</strong></span> <span class='ocrx_word' id='word_1_106' title='bbox 966 901 1069 937; x_wconf 83' lang='lat' dir='ltr'><strong>Corn.</strong></span> <span class='ocrx_word' id='word_1_107' title='bbox 1088 901 1313 937; x_wconf 84' lang='lat' dir='ltr'><strong>Alcibiadem</strong></span> <span class='ocrx_word' id='word_1_108' title='bbox 1338 902 1428 938; x_wconf 88' lang='lat' dir='ltr'><strong>facit</strong></span> <span class='ocrx_word' id='word_1_109' title='bbox 1440 902 1592 949; x_wconf 89' lang='lat' dir='ltr'><strong>optima-</strong></span> 
     </span>
     <span class='ocr_line' id='line_1_13' title="bbox 164 962 1592 1011; baseline 0 -11"><span class='ocrx_word' id='word_1_110' title='bbox 164 964 255 1000; x_wconf 91' lang='lat' dir='ltr'><strong>tium</strong></span> <span class='ocrx_word' id='word_1_111' title='bbox 289 962 486 1009; x_wconf 84' lang='lat' dir='ltr'><strong>fautorem,</strong></span> <span class='ocrx_word' id='word_1_112' title='bbox 515 962 625 999; x_wconf 81' lang='lat' dir='ltr'><strong>Thuc.</strong></span> <span class='ocrx_word' id='word_1_113' title='bbox 657 964 864 1011; x_wconf 86' lang='lat' dir='ltr'><strong>ambiguum</strong></span> <span class='ocrx_word' id='word_1_114' title='bbox 891 965 927 999; x_wconf 90' lang='lat' dir='ltr'><strong>et</strong></span> <span class='ocrx_word' id='word_1_115' title='bbox 951 963 1126 1009; x_wconf 88' lang='lat' dir='ltr'><strong>perfidum</strong></span> <span class='ocrx_word' id='word_1_116' title='bbox 1160 975 1230 999; x_wconf 87' lang='lat' dir='ltr'><strong>non</strong></span> <span class='ocrx_word' id='word_1_117' title='bbox 1260 964 1375 1000; x_wconf 87' lang='lat' dir='ltr'><strong>solum</strong></span> <span class='ocrx_word' id='word_1_118' title='bbox 1408 964 1446 1000; x_wconf 90' lang='lat' dir='ltr'><strong>in</strong></span> <span class='ocrx_word' id='word_1_119' title='bbox 1482 964 1592 1000; x_wconf 88' lang='lat' dir='ltr'><strong>Lace-</strong></span> 
     </span>
     <span class='ocr_line' id='line_1_14' title="bbox 163 1023 1591 1071; baseline 0.001 -11"><span class='ocrx_word' id='word_1_120' title='bbox 163 1023 431 1060; x_wconf 61' lang='lat' dir='ltr'><strong>daemoniorum</strong></span> <span class='ocrx_word' id='word_1_121' title='bbox 464 1026 501 1060; x_wconf 85' lang='lat' dir='ltr'><strong>et</strong></span> <span class='ocrx_word' id='word_1_122' title='bbox 529 1024 800 1060; x_wconf 85' lang='lat' dir='ltr'><strong>Atheniensium</strong></span> <span class='ocrx_word' id='word_1_123' title='bbox 831 1025 1006 1069; x_wconf 88' lang='lat' dir='ltr'><strong>civitates,</strong></span> <span class='ocrx_word' id='word_1_124' title='bbox 1045 1025 1107 1061; x_wconf 85' lang='lat' dir='ltr'><strong>sed</strong></span> <span class='ocrx_word' id='word_1_125' title='bbox 1142 1025 1251 1060; x_wconf 90' lang='lat' dir='ltr'><strong>etiam</strong></span> <span class='ocrx_word' id='word_1_126' title='bbox 1288 1025 1326 1060; x_wconf 91' lang='lat' dir='ltr'><strong>in</strong></span> <span class='ocrx_word' id='word_1_127' title='bbox 1363 1025 1591 1071; x_wconf 85' lang='lat' dir='ltr'><strong>optimatium</strong></span> 
     </span>
     <span class='ocr_line' id='line_1_15' title="bbox 161 1084 1445 1133; baseline 0.002 -11"><span class='ocrx_word' id='word_1_128' title='bbox 161 1087 199 1122; x_wconf 86' lang='lat' dir='ltr'><strong>et</strong></span> <span class='ocrx_word' id='word_1_129' title='bbox 223 1084 348 1132; x_wconf 88' lang='lat' dir='ltr'><strong>populi</strong></span> <span class='ocrx_word' id='word_1_130' title='bbox 372 1084 555 1129; x_wconf 87' lang='lat' dir='ltr'><strong>factiones,</strong></span> <span class='ocrx_word' id='word_1_131' title='bbox 581 1097 670 1132; x_wconf 88' lang='lat' dir='ltr'><strong>quos</strong></span> <span class='ocrx_word' id='word_1_132' title='bbox 696 1087 867 1133; x_wconf 89' lang='lat' dir='ltr'><strong>utrosque</strong></span> <span class='ocrx_word' id='word_1_133' title='bbox 892 1086 939 1122; x_wconf 86' lang='lat' dir='ltr'><strong>ab</strong></span> <span class='ocrx_word' id='word_1_134' title='bbox 962 1097 1003 1123; x_wconf 90' lang='lat' dir='ltr'><strong>eo</strong></span> <span class='ocrx_word' id='word_1_135' title='bbox 1028 1085 1194 1133; x_wconf 89' lang='lat' dir='ltr'><strong>deceptos</strong></span> <span class='ocrx_word' id='word_1_136' title='bbox 1220 1097 1294 1122; x_wconf 88' lang='lat' dir='ltr'><strong>esse</strong></span> <span class='ocrx_word' id='word_1_137' title='bbox 1318 1086 1445 1124; x_wconf 78' lang='lat' dir='ltr'><strong>tradit.</strong></span> 
     </span>
    </p>

    <p class='ocr_par' dir='ltr' id='par_1_3' title="bbox 155 1146 1592 1870">
     <span class='ocr_line' id='line_1_16' title="bbox 259 1146 1590 1194; baseline 0.002 -12"><span class='ocrx_word' id='word_1_138' title='bbox 259 1147 451 1183; x_wconf 87' lang='lat' dir='ltr'><strong>Praeterea</strong></span> <span class='ocrx_word' id='word_1_139' title='bbox 487 1147 595 1183; x_wconf 86' lang='lat' dir='ltr'><strong>etiam</strong></span> <span class='ocrx_word' id='word_1_140' title='bbox 643 1159 735 1194; x_wconf 87' lang='lat' dir='ltr'><strong>quae</strong></span> <span class='ocrx_word' id='word_1_141' title='bbox 773 1148 856 1184; x_wconf 88' lang='lat' dir='ltr'><strong>inde</strong></span> <span class='ocrx_word' id='word_1_142' title='bbox 894 1148 941 1184; x_wconf 89' lang='lat' dir='ltr'><strong>ab</strong></span> <span class='ocrx_word' id='word_1_143' title='bbox 982 1146 1085 1184; x_wconf 86' lang='lat' dir='ltr'><strong>initio</strong></span> <span class='ocrx_word' id='word_1_144' title='bbox 1125 1147 1225 1183; x_wconf 91' lang='lat' dir='ltr'><strong>tertii</strong></span> <span class='ocrx_word' id='word_1_145' title='bbox 1263 1147 1391 1193; x_wconf 88' lang='lat' dir='ltr'><strong>capitis</strong></span> <span class='ocrx_word' id='word_1_146' title='bbox 1426 1159 1448 1182; x_wconf 86' lang='lat' dir='ltr'><strong>a</strong></span> <span class='ocrx_word' id='word_1_147' title='bbox 1486 1146 1590 1184; x_wconf 84' lang='lat' dir='ltr'><strong>Corn.</strong></span> 
     </span>
     <span class='ocr_line' id='line_1_17' title="bbox 159 1208 1592 1257; baseline -0.001 -12"><span class='ocrx_word' id='word_1_148' title='bbox 159 1210 364 1257; x_wconf 87' lang='lat' dir='ltr'><strong>narrantur,</strong></span> <span class='ocrx_word' id='word_1_149' title='bbox 400 1209 564 1245; x_wconf 88' lang='lat' dir='ltr'><strong>omnibus</strong></span> <span class='ocrx_word' id='word_1_150' title='bbox 604 1209 654 1246; x_wconf 90' lang='lat' dir='ltr'><strong>eis</strong></span> <span class='ocrx_word' id='word_1_151' title='bbox 680 1221 772 1257; x_wconf 89' lang='lat' dir='ltr'><strong>quae</strong></span> <span class='ocrx_word' id='word_1_152' title='bbox 803 1210 850 1246; x_wconf 86' lang='lat' dir='ltr'><strong>ad</strong></span> <span class='ocrx_word' id='word_1_153' title='bbox 886 1209 1084 1246; x_wconf 83' lang='lat' dir='ltr'><strong>Alcibiadis</strong></span> <span class='ocrx_word' id='word_1_154' title='bbox 1117 1209 1297 1257; x_wconf 87' lang='lat' dir='ltr'><strong>ingenium</strong></span> <span class='ocrx_word' id='word_1_155' title='bbox 1323 1208 1592 1245; x_wconf 87' lang='lat' dir='ltr'><strong>describendum</strong></span> 
     </span>
     <span class='ocr_line' id='line_1_18' title="bbox 158 1270 1592 1319; baseline -0.001 -13"><span class='ocrx_word' id='word_1_156' title='bbox 158 1271 347 1316; x_wconf 84' lang='lat' dir='ltr'><strong>pertinent,</strong></span> <span class='ocrx_word' id='word_1_157' title='bbox 386 1271 569 1317; x_wconf 82' lang='lat' dir='ltr'><strong>aptissime</strong></span> <span class='ocrx_word' id='word_1_158' title='bbox 596 1274 797 1319; x_wconf 85' lang='lat' dir='ltr'><strong>congruunt</strong></span> <span class='ocrx_word' id='word_1_159' title='bbox 823 1283 903 1307; x_wconf 90' lang='lat' dir='ltr'><strong>cum</strong></span> <span class='ocrx_word' id='word_1_160' title='bbox 929 1272 979 1308; x_wconf 88' lang='lat' dir='ltr'><strong>eis</strong></span> <span class='ocrx_word' id='word_1_161' title='bbox 1009 1283 1101 1318; x_wconf 90' lang='lat' dir='ltr'><strong>quae</strong></span> <span class='ocrx_word' id='word_1_162' title='bbox 1125 1273 1335 1317; x_wconf 88' lang='lat' dir='ltr'><strong>sequuntur.</strong></span> <span class='ocrx_word' id='word_1_163' title='bbox 1387 1270 1592 1306; x_wconf 83' lang='lat' dir='ltr'><strong>Alcibiades</strong></span> 
     </span>
     <span class='ocr_line' id='line_1_19' title="bbox 159 1331 1590 1380; baseline 0 -12"><span class='ocrx_word' id='word_1_164' title='bbox 159 1331 252 1368; x_wconf 87' lang='lat' dir='ltr'><strong>enim</strong></span> <span class='ocrx_word' id='word_1_165' title='bbox 285 1344 364 1369; x_wconf 88' lang='lat' dir='ltr'><strong>eam</strong></span> <span class='ocrx_word' id='word_1_166' title='bbox 401 1332 447 1369; x_wconf 90' lang='lat' dir='ltr'><strong>ob</strong></span> <span class='ocrx_word' id='word_1_167' title='bbox 479 1344 624 1369; x_wconf 88' lang='lat' dir='ltr'><strong>causam</strong></span> <span class='ocrx_word' id='word_1_168' title='bbox 646 1334 806 1370; x_wconf 85' lang='lat' dir='ltr'><strong>traditur</strong></span> <span class='ocrx_word' id='word_1_169' title='bbox 844 1333 968 1380; x_wconf 89' lang='lat' dir='ltr'><strong>populi</strong></span> <span class='ocrx_word' id='word_1_170' title='bbox 1004 1333 1042 1369; x_wconf 90' lang='lat' dir='ltr'><strong>in</strong></span> <span class='ocrx_word' id='word_1_171' title='bbox 1066 1333 1188 1369; x_wconf 87' lang='lat' dir='ltr'><strong>odium</strong></span> <span class='ocrx_word' id='word_1_172' title='bbox 1214 1332 1363 1376; x_wconf 76' lang='lat' dir='ltr'><strong>venisse,</strong></span> <span class='ocrx_word' id='word_1_173' title='bbox 1403 1332 1490 1379; x_wconf 87' lang='lat' dir='ltr'><strong>quia</strong></span> <span class='ocrx_word' id='word_1_174' title='bbox 1515 1332 1590 1378; x_wconf 89' lang='lat' dir='ltr'><strong>ipse</strong></span> 
     </span>
     <span class='ocr_line' id='line_1_20' title="bbox 159 1391 1590 1441; baseline 0 -12"><span class='ocrx_word' id='word_1_175' title='bbox 159 1393 205 1429; x_wconf 90' lang='lat' dir='ltr'><strong>ab</strong></span> <span class='ocrx_word' id='word_1_176' title='bbox 231 1391 459 1440; x_wconf 82' lang='lat' dir='ltr'><strong>optimatium</strong></span> <span class='ocrx_word' id='word_1_177' title='bbox 485 1396 589 1440; x_wconf 88' lang='lat' dir='ltr'><strong>parte</strong></span> <span class='ocrx_word' id='word_1_178' title='bbox 615 1394 768 1441; x_wconf 83' lang='lat' dir='ltr'><strong>steterit,</strong></span> <span class='ocrx_word' id='word_1_179' title='bbox 808 1407 887 1431; x_wconf 86' lang='lat' dir='ltr'><strong>eam</strong></span> <span class='ocrx_word' id='word_1_180' title='bbox 916 1395 962 1431; x_wconf 81' lang='lat' dir='ltr'><strong>o&#39;o</strong></span> <span class='ocrx_word' id='word_1_181' title='bbox 989 1406 1134 1431; x_wconf 84' lang='lat' dir='ltr'><strong>causam</strong></span> <span class='ocrx_word' id='word_1_182' title='bbox 1159 1394 1197 1429; x_wconf 89' lang='lat' dir='ltr'><strong>in</strong></span> <span class='ocrx_word' id='word_1_183' title='bbox 1222 1394 1395 1430; x_wconf 87' lang='lat' dir='ltr'><strong>invidiam</strong></span> <span class='ocrx_word' id='word_1_184' title='bbox 1417 1396 1454 1430; x_wconf 84' lang='lat' dir='ltr'><strong>et</strong></span> <span class='ocrx_word' id='word_1_185' title='bbox 1478 1394 1590 1439; x_wconf 83' lang='lat' dir='ltr'><strong>suspi-</strong></span> 
     </span>
     <span class='ocr_line' id='line_1_21' title="bbox 157 1453 1589 1503; baseline 0 -14"><span class='ocrx_word' id='word_1_186' title='bbox 157 1453 293 1503; x_wconf 81' lang='lat' dir='ltr'><strong>cionem</strong></span> <span class='ocrx_word' id='word_1_187' title='bbox 304 1454 479 1497; x_wconf 82' lang='lat' dir='ltr'><strong>incidisse,</strong></span> <span class='ocrx_word' id='word_1_188' title='bbox 508 1455 593 1501; x_wconf 87' lang='lat' dir='ltr'><strong>quia</strong></span> <span class='ocrx_word' id='word_1_189' title='bbox 606 1455 765 1492; x_wconf 89' lang='lat' dir='ltr'><strong>moribus</strong></span> <span class='ocrx_word' id='word_1_190' title='bbox 793 1458 828 1491; x_wconf 91' lang='lat' dir='ltr'><strong>et</strong></span> <span class='ocrx_word' id='word_1_191' title='bbox 853 1455 990 1491; x_wconf 90' lang='lat' dir='ltr'><strong>meritis</strong></span> <span class='ocrx_word' id='word_1_192' title='bbox 1014 1455 1108 1491; x_wconf 89' lang='lat' dir='ltr'><strong>inter</strong></span> <span class='ocrx_word' id='word_1_193' title='bbox 1123 1467 1245 1491; x_wconf 89' lang='lat' dir='ltr'><strong>omnes</strong></span> <span class='ocrx_word' id='word_1_194' title='bbox 1271 1455 1364 1491; x_wconf 86' lang='lat' dir='ltr'><strong>cives</strong></span> <span class='ocrx_word' id='word_1_195' title='bbox 1381 1455 1589 1497; x_wconf 87' lang='lat' dir='ltr'><strong>eminuerit;</strong></span> 
     </span>
     <span class='ocr_line' id='line_1_22' title="bbox 157 1514 1591 1563; baseline 0.001 -12"><span class='ocrx_word' id='word_1_196' title='bbox 157 1514 205 1551; x_wconf 86' lang='lat' dir='ltr'><strong>ad</strong></span> <span class='ocrx_word' id='word_1_197' title='bbox 229 1515 349 1553; x_wconf 86' lang='lat' dir='ltr'><strong>hostes</strong></span> <span class='ocrx_word' id='word_1_198' title='bbox 373 1515 513 1562; x_wconf 86' lang='lat' dir='ltr'><strong>patriae</strong></span> <span class='ocrx_word' id='word_1_199' title='bbox 539 1528 618 1553; x_wconf 89' lang='lat' dir='ltr'><strong>eam</strong></span> <span class='ocrx_word' id='word_1_200' title='bbox 644 1517 689 1553; x_wconf 93' lang='lat' dir='ltr'><strong>ob</strong></span> <span class='ocrx_word' id='word_1_201' title='bbox 715 1528 859 1554; x_wconf 87' lang='lat' dir='ltr'><strong>causam</strong></span> <span class='ocrx_word' id='word_1_202' title='bbox 884 1516 1069 1553; x_wconf 85' lang='lat' dir='ltr'><strong>transiisse</strong></span> <span class='ocrx_word' id='word_1_203' title='bbox 1094 1516 1237 1560; x_wconf 87' lang='lat' dir='ltr'><strong>dicitur,</strong></span> <span class='ocrx_word' id='word_1_204' title='bbox 1273 1516 1360 1563; x_wconf 90' lang='lat' dir='ltr'><strong>quia</strong></span> <span class='ocrx_word' id='word_1_205' title='bbox 1383 1528 1447 1562; x_wconf 90' lang='lat' dir='ltr'><strong>per</strong></span> <span class='ocrx_word' id='word_1_206' title='bbox 1472 1516 1591 1552; x_wconf 83' lang='lat' dir='ltr'><strong>inimi-</strong></span> 
     </span>
     <span class='ocr_line' id='line_1_23' title="bbox 158 1576 1589 1624; baseline 0 -12"><span class='ocrx_word' id='word_1_207' title='bbox 158 1588 280 1612; x_wconf 86' lang='lat' dir='ltr'><strong>corum</strong></span> <span class='ocrx_word' id='word_1_208' title='bbox 306 1577 406 1613; x_wconf 89' lang='lat' dir='ltr'><strong>dolos</strong></span> <span class='ocrx_word' id='word_1_209' title='bbox 430 1589 577 1623; x_wconf 87' lang='lat' dir='ltr'><strong>prorsus</strong></span> <span class='ocrx_word' id='word_1_210' title='bbox 602 1576 735 1613; x_wconf 85' lang='lat' dir='ltr'><strong>iniuste</strong></span> <span class='ocrx_word' id='word_1_211' title='bbox 761 1578 954 1614; x_wconf 89' lang='lat' dir='ltr'><strong>damnatus</strong></span> <span class='ocrx_word' id='word_1_212' title='bbox 979 1578 1046 1616; x_wconf 81' lang='lat' dir='ltr'><strong>sit:</strong></span> <span class='ocrx_word' id='word_1_213' title='bbox 1082 1578 1136 1613; x_wconf 88' lang='lat' dir='ltr'><strong>ita</strong></span> <span class='ocrx_word' id='word_1_214' title='bbox 1164 1579 1206 1612; x_wconf 87' lang='lat' dir='ltr'><strong>ut</strong></span> <span class='ocrx_word' id='word_1_215' title='bbox 1237 1577 1355 1612; x_wconf 89' lang='lat' dir='ltr'><strong>minus</strong></span> <span class='ocrx_word' id='word_1_216' title='bbox 1387 1577 1457 1623; x_wconf 88' lang='lat' dir='ltr'><strong>ipsi</strong></span> <span class='ocrx_word' id='word_1_217' title='bbox 1482 1589 1589 1624; x_wconf 89' lang='lat' dir='ltr'><strong>quam</strong></span> 
     </span>
     <span class='ocr_line' id='line_1_24' title="bbox 155 1637 1586 1686; baseline 0 -11"><span class='ocrx_word' id='word_1_218' title='bbox 155 1637 308 1675; x_wconf 88' lang='lat' dir='ltr'><strong>inimicis</strong></span> <span class='ocrx_word' id='word_1_219' title='bbox 345 1639 420 1675; x_wconf 88' lang='lat' dir='ltr'><strong>eius</strong></span> <span class='ocrx_word' id='word_1_220' title='bbox 456 1639 519 1686; x_wconf 88' lang='lat' dir='ltr'><strong>qui</strong></span> <span class='ocrx_word' id='word_1_221' title='bbox 550 1651 631 1675; x_wconf 90' lang='lat' dir='ltr'><strong>eum</strong></span> <span class='ocrx_word' id='word_1_222' title='bbox 663 1639 876 1686; x_wconf 85' lang='lat' dir='ltr'><strong>expulerunt</strong></span> <span class='ocrx_word' id='word_1_223' title='bbox 912 1639 1018 1685; x_wconf 87' lang='lat' dir='ltr'><strong>culpa</strong></span> <span class='ocrx_word' id='word_1_224' title='bbox 1054 1651 1176 1675; x_wconf 72' lang='grc' dir='ltr'><strong>θοι-11111</strong></span> <span class='ocrx_word' id='word_1_225' title='bbox 1216 1650 1308 1685; x_wconf 89' lang='lat' dir='ltr'><strong>quae</strong></span> <span class='ocrx_word' id='word_1_226' title='bbox 1345 1638 1471 1675; x_wconf 88' lang='lat' dir='ltr'><strong>deinde</strong></span> <span class='ocrx_word' id='word_1_227' title='bbox 1506 1651 1586 1675; x_wconf 88' lang='lat' dir='ltr'><strong>cum</strong></span> 
     </span>
     <span class='ocr_line' id='line_1_25' title="bbox 155 1700 1587 1746; baseline 0.001 -11"><span class='ocrx_word' id='word_1_228' title='bbox 155 1700 310 1735; x_wconf 83' lang='lat' dir='ltr'><strong>maximo</strong></span> <span class='ocrx_word' id='word_1_229' title='bbox 356 1700 497 1746; x_wconf 83' lang='lat' dir='ltr'><strong>patriae</strong></span> <span class='ocrx_word' id='word_1_230' title='bbox 546 1700 761 1736; x_wconf 89' lang='lat' dir='ltr'><strong>detrimento</strong></span> <span class='ocrx_word' id='word_1_231' title='bbox 808 1701 965 1746; x_wconf 86' lang='lat' dir='ltr'><strong>suscepit</strong></span> <span class='ocrx_word' id='word_1_232' title='bbox 1010 1701 1244 1738; x_wconf 81' lang='lat' dir='ltr'><strong>attribuatur.</strong></span> <span class='ocrx_word' id='word_1_233' title='bbox 1309 1700 1453 1735; x_wconf 79' lang='lat' dir='ltr'><strong>Eisdem</strong></span> <span class='ocrx_word' id='word_1_234' title='bbox 1498 1701 1587 1736; x_wconf 83' lang='lat' dir='ltr'><strong>vitio</strong></span> 
     </span>
     <span class='ocr_line' id='line_1_26' title="bbox 155 1758 1588 1809; baseline 0.001 -13"><span class='ocrx_word' id='word_1_235' title='bbox 155 1758 323 1809; x_wconf 80' lang='lat' dir='ltr'><strong>vertitur,</strong></span> <span class='ocrx_word' id='word_1_236' title='bbox 362 1761 458 1808; x_wconf 90' lang='lat' dir='ltr'><strong>quod</strong></span> <span class='ocrx_word' id='word_1_237' title='bbox 496 1761 719 1797; x_wconf 86' lang='lat' dir='ltr'><strong>Alcibiadem</strong></span> <span class='ocrx_word' id='word_1_238' title='bbox 755 1773 773 1797; x_wconf 94' lang='lat' dir='ltr'><strong>e</strong></span> <span class='ocrx_word' id='word_1_239' title='bbox 814 1761 937 1797; x_wconf 84' lang='lat' dir='ltr'><strong>Sicilia</strong></span> <span class='ocrx_word' id='word_1_240' title='bbox 962 1762 1169 1798; x_wconf 88' lang='lat' dir='ltr'><strong>revocatum</strong></span> <span class='ocrx_word' id='word_1_241' title='bbox 1195 1773 1217 1796; x_wconf 88' lang='lat' dir='ltr'><strong>a</strong></span> <span class='ocrx_word' id='word_1_242' title='bbox 1241 1760 1335 1796; x_wconf 91' lang='lat' dir='ltr'><strong>bello</strong></span> <span class='ocrx_word' id='word_1_243' title='bbox 1362 1760 1500 1807; x_wconf 90' lang='lat' dir='ltr'><strong>optima</strong></span> <span class='ocrx_word' id='word_1_244' title='bbox 1525 1773 1588 1807; x_wconf 89' lang='lat' dir='ltr'><strong>spe</strong></span> 
     </span>
     <span class='ocr_line' id='line_1_27' title="bbox 155 1821 703 1870; baseline 0.002 -12"><span class='ocrx_word' id='word_1_245' title='bbox 155 1821 296 1869; x_wconf 88' lang='lat' dir='ltr'><strong>incepto</strong></span> <span class='ocrx_word' id='word_1_246' title='bbox 323 1822 489 1859; x_wconf 86' lang='lat' dir='ltr'><strong>decedere</strong></span> <span class='ocrx_word' id='word_1_247' title='bbox 514 1823 703 1870; x_wconf 81' lang='lat' dir='ltr'><strong>coegerint.</strong></span> 
     </span>
    </p>

    <p class='ocr_par' dir='ltr' id='par_1_4' title="bbox 157 1884 1592 2487">
     <span class='ocr_line' id='line_1_28' title="bbox 256 1884 1589 1932; baseline 0.001 -13"><span class='ocrx_word' id='word_1_248' title='bbox 256 1884 305 1919; x_wconf 86' lang='lat' dir='ltr'><strong>Jn</strong></span> <span class='ocrx_word' id='word_1_249' title='bbox 330 1884 478 1932; x_wconf 83' lang='lat' dir='ltr'><strong>singulis</strong></span> <span class='ocrx_word' id='word_1_250' title='bbox 504 1884 609 1921; x_wconf 88' lang='lat' dir='ltr'><strong>factis</strong></span> <span class='ocrx_word' id='word_1_251' title='bbox 638 1884 954 1921; x_wconf 89' lang='lat' dir='ltr'><strong>commemorandis</strong></span> <span class='ocrx_word' id='word_1_252' title='bbox 976 1895 1091 1929; x_wconf 89' lang='lat' dir='ltr'><strong>pauca</strong></span> <span class='ocrx_word' id='word_1_253' title='bbox 1115 1885 1200 1919; x_wconf 88' lang='lat' dir='ltr'><strong>sunt</strong></span> <span class='ocrx_word' id='word_1_254' title='bbox 1224 1895 1316 1930; x_wconf 87' lang='lat' dir='ltr'><strong>quae</strong></span> <span class='ocrx_word' id='word_1_255' title='bbox 1342 1894 1423 1919; x_wconf 88' lang='lat' dir='ltr'><strong>cum</strong></span> <span class='ocrx_word' id='word_1_256' title='bbox 1448 1884 1589 1931; x_wconf 82' lang='lat' dir='ltr'><strong>Thucy-</strong></span> 
     </span>
     <span class='ocr_line' id='line_1_29' title="bbox 159 1945 1589 1995; baseline 0.001 -13"><span class='ocrx_word' id='word_1_257' title='bbox 159 1945 241 1982; x_wconf 88' lang='lat' dir='ltr'><strong>dide</strong></span> <span class='ocrx_word' id='word_1_258' title='bbox 267 1946 480 1995; x_wconf 86' lang='lat' dir='ltr'><strong>discrepent,</strong></span> <span class='ocrx_word' id='word_1_259' title='bbox 519 1946 619 1983; x_wconf 88' lang='lat' dir='ltr'><strong>velut</strong></span> <span class='ocrx_word' id='word_1_260' title='bbox 642 1947 739 1994; x_wconf 89' lang='lat' dir='ltr'><strong>quod</strong></span> <span class='ocrx_word' id='word_1_261' title='bbox 764 1946 866 1984; x_wconf 82' lang='lat' dir='ltr'><strong>Corn.</strong></span> <span class='ocrx_word' id='word_1_262' title='bbox 893 1945 1008 1982; x_wconf 86' lang='lat' dir='ltr'><strong>tradit</strong></span> <span class='ocrx_word' id='word_1_263' title='bbox 1031 1945 1075 1982; x_wconf 88' lang='lat' dir='ltr'><strong>de</strong></span> <span class='ocrx_word' id='word_1_264' title='bbox 1099 1945 1276 1982; x_wconf 87' lang='lat' dir='ltr'><strong>Mercurio</strong></span> <span class='ocrx_word' id='word_1_265' title='bbox 1306 1946 1369 1982; x_wconf 92' lang='lat' dir='ltr'><strong>illo</strong></span> <span class='ocrx_word' id='word_1_266' title='bbox 1395 1946 1589 1983; x_wconf 88' lang='lat' dir='ltr'><strong>Andocidis</strong></span> 
     </span>
     <span class='ocr_line' id='line_1_30' title="bbox 159 2007 1590 2053; baseline 0.001 -11"><span class='ocrx_word' id='word_1_267' title='bbox 159 2007 296 2043; x_wconf 88' lang='lat' dir='ltr'><strong>frustra</strong></span> <span class='ocrx_word' id='word_1_268' title='bbox 321 2019 473 2053; x_wconf 86' lang='lat' dir='ltr'><strong>quaeras</strong></span> <span class='ocrx_word' id='word_1_269' title='bbox 499 2008 596 2053; x_wconf 89' lang='lat' dir='ltr'><strong>apud</strong></span> <span class='ocrx_word' id='word_1_270' title='bbox 620 2008 730 2043; x_wconf 87' lang='lat' dir='ltr'><strong>Thuc.</strong></span> <span class='ocrx_word' id='word_1_271' title='bbox 758 2007 984 2053; x_wconf 85' lang='lat' dir='ltr'><strong>Quantopere</strong></span> <span class='ocrx_word' id='word_1_272' title='bbox 1008 2009 1129 2043; x_wconf 89' lang='lat' dir='ltr'><strong>autem</strong></span> <span class='ocrx_word' id='word_1_273' title='bbox 1155 2007 1308 2043; x_wconf 86' lang='lat' dir='ltr'><strong>Cornelii</strong></span> <span class='ocrx_word' id='word_1_274' title='bbox 1335 2007 1378 2043; x_wconf 90' lang='lat' dir='ltr'><strong>de</strong></span> <span class='ocrx_word' id='word_1_275' title='bbox 1404 2007 1590 2043; x_wconf 88' lang='lat' dir='ltr'><strong>Alcibiade</strong></span> 
     </span>
     <span class='ocr_line' id='line_1_31' title="bbox 159 2064 1590 2116; baseline 0 -13"><span class='ocrx_word' id='word_1_276' title='bbox 159 2067 332 2104; x_wconf 85' lang='lat' dir='ltr'><strong>iudicium</strong></span> <span class='ocrx_word' id='word_1_277' title='bbox 370 2068 478 2104; x_wconf 89' lang='lat' dir='ltr'><strong>etiam</strong></span> <span class='ocrx_word' id='word_1_278' title='bbox 503 2064 542 2104; x_wconf 90' lang='lat' dir='ltr'><strong>in</strong></span> <span class='ocrx_word' id='word_1_279' title='bbox 566 2066 623 2105; x_wconf 89' lang='lat' dir='ltr'><strong>his</strong></span> <span class='ocrx_word' id='word_1_280' title='bbox 649 2068 793 2105; x_wconf 87' lang='lat' dir='ltr'><strong>differat</strong></span> <span class='ocrx_word' id='word_1_281' title='bbox 829 2079 851 2104; x_wconf 86' lang='lat' dir='ltr'><strong>a</strong></span> <span class='ocrx_word' id='word_1_282' title='bbox 875 2068 1101 2116; x_wconf 83' lang='lat' dir='ltr'><strong>Thucydide,</strong></span> <span class='ocrx_word' id='word_1_283' title='bbox 1147 2080 1189 2104; x_wconf 85' lang='lat' dir='ltr'><strong>ex</strong></span> <span class='ocrx_word' id='word_1_284' title='bbox 1225 2068 1373 2116; x_wconf 80' lang='lat' dir='ltr'><strong>singulis</strong></span> <span class='ocrx_word' id='word_1_285' title='bbox 1409 2068 1484 2105; x_wconf 90' lang='lat' dir='ltr'><strong>fere</strong></span> <span class='ocrx_word' id='word_1_286' title='bbox 1512 2080 1590 2105; x_wconf 91' lang='lat' dir='ltr'><strong>sen-</strong></span> 
     </span>
     <span class='ocr_line' id='line_1_32' title="bbox 161 2129 1589 2177; baseline 0.001 -13"><span class='ocrx_word' id='word_1_287' title='bbox 161 2129 285 2166; x_wconf 87' lang='lat' dir='ltr'><strong>tentiis</strong></span> <span class='ocrx_word' id='word_1_288' title='bbox 308 2130 393 2166; x_wconf 89' lang='lat' dir='ltr'><strong>licet</strong></span> <span class='ocrx_word' id='word_1_289' title='bbox 418 2141 636 2177; x_wconf 82' lang='lat' dir='ltr'><strong>cognoscere.</strong></span> <span class='ocrx_word' id='word_1_290' title='bbox 690 2129 914 2176; x_wconf 87' lang='lat' dir='ltr'><strong>Quamquam</strong></span> <span class='ocrx_word' id='word_1_291' title='bbox 939 2130 1034 2166; x_wconf 84' lang='lat' dir='ltr'><strong>enim</strong></span> <span class='ocrx_word' id='word_1_292' title='bbox 1058 2130 1167 2167; x_wconf 83' lang='lat' dir='ltr'><strong>Thuc.</strong></span> <span class='ocrx_word' id='word_1_293' title='bbox 1193 2130 1354 2166; x_wconf 87' lang='lat' dir='ltr'><strong>concedit</strong></span> <span class='ocrx_word' id='word_1_294' title='bbox 1378 2141 1457 2165; x_wconf 91' lang='lat' dir='ltr'><strong>eum</strong></span> <span class='ocrx_word' id='word_1_295' title='bbox 1483 2130 1589 2165; x_wconf 88' lang='lat' dir='ltr'><strong>rebus</strong></span> 
     </span>
     <span class='ocr_line' id='line_1_33' title="bbox 161 2189 1589 2239; baseline 0.001 -14"><span class='ocrx_word' id='word_1_296' title='bbox 161 2189 297 2227; x_wconf 88' lang='lat' dir='ltr'><strong>bellicis</strong></span> <span class='ocrx_word' id='word_1_297' title='bbox 322 2191 493 2238; x_wconf 85' lang='lat' dir='ltr'><strong>insignem</strong></span> <span class='ocrx_word' id='word_1_298' title='bbox 522 2191 630 2227; x_wconf 84' lang='lat' dir='ltr'><strong>fuisse</strong></span> <span class='ocrx_word' id='word_1_299' title='bbox 656 2193 693 2227; x_wconf 92' lang='lat' dir='ltr'><strong>et</strong></span> <span class='ocrx_word' id='word_1_300' title='bbox 716 2203 847 2237; x_wconf 84' lang='lat' dir='ltr'><strong>magno</strong></span> <span class='ocrx_word' id='word_1_301' title='bbox 863 2191 1080 2238; x_wconf 86' lang='lat' dir='ltr'><strong>reipublicae</strong></span> <span class='ocrx_word' id='word_1_302' title='bbox 1105 2191 1317 2227; x_wconf 88' lang='lat' dir='ltr'><strong>detrimento</strong></span> <span class='ocrx_word' id='word_1_303' title='bbox 1343 2190 1479 2226; x_wconf 85' lang='lat' dir='ltr'><strong>factum</strong></span> <span class='ocrx_word' id='word_1_304' title='bbox 1502 2202 1589 2239; x_wconf 85' lang='lat' dir='ltr'><strong>esse,</strong></span> 
     </span>
     <span class='ocr_line' id='line_1_34' title="bbox 162 2252 1592 2301; baseline 0.003 -15"><span class='ocrx_word' id='word_1_305' title='bbox 162 2253 205 2287; x_wconf 89' lang='lat' dir='ltr'><strong>ut</strong></span> <span class='ocrx_word' id='word_1_306' title='bbox 228 2252 275 2288; x_wconf 92' lang='lat' dir='ltr'><strong>ab</strong></span> <span class='ocrx_word' id='word_1_307' title='bbox 299 2252 449 2299; x_wconf 88' lang='lat' dir='ltr'><strong>imperio</strong></span> <span class='ocrx_word' id='word_1_308' title='bbox 472 2254 710 2298; x_wconf 87' lang='lat' dir='ltr'><strong>revocaretur,</strong></span> <span class='ocrx_word' id='word_1_309' title='bbox 743 2255 864 2290; x_wconf 87' lang='lat' dir='ltr'><strong>tamen</strong></span> <span class='ocrx_word' id='word_1_310' title='bbox 888 2265 961 2290; x_wconf 88' lang='lat' dir='ltr'><strong>non</strong></span> <span class='ocrx_word' id='word_1_311' title='bbox 980 2265 1128 2301; x_wconf 85' lang='lat' dir='ltr'><strong>prorsus</strong></span> <span class='ocrx_word' id='word_1_312' title='bbox 1152 2253 1284 2289; x_wconf 87' lang='lat' dir='ltr'><strong>iniuste</strong></span> <span class='ocrx_word' id='word_1_313' title='bbox 1307 2264 1390 2289; x_wconf 90' lang='lat' dir='ltr'><strong>eum</strong></span> <span class='ocrx_word' id='word_1_314' title='bbox 1415 2252 1453 2288; x_wconf 88' lang='lat' dir='ltr'><strong>in</strong></span> <span class='ocrx_word' id='word_1_315' title='bbox 1478 2254 1592 2301; x_wconf 89' lang='lat' dir='ltr'><strong>suspi-</strong></span> 
     </span>
     <span class='ocr_line' id='line_1_35' title="bbox 162 2313 1590 2364; baseline 0.001 -14"><span class='ocrx_word' id='word_1_316' title='bbox 162 2313 297 2351; x_wconf 86' lang='lat' dir='ltr'><strong>cionem</strong></span> <span class='ocrx_word' id='word_1_317' title='bbox 318 2316 457 2353; x_wconf 87' lang='lat' dir='ltr'><strong>venisse</strong></span> <span class='ocrx_word' id='word_1_318' title='bbox 494 2315 626 2352; x_wconf 84' lang='lat' dir='ltr'><strong>tradit:</strong></span> <span class='ocrx_word' id='word_1_319' title='bbox 665 2318 811 2363; x_wconf 88' lang='lat' dir='ltr'><strong>sumptu</strong></span> <span class='ocrx_word' id='word_1_320' title='bbox 843 2316 936 2353; x_wconf 90' lang='lat' dir='ltr'><strong>enim</strong></span> <span class='ocrx_word' id='word_1_321' title='bbox 961 2318 1000 2353; x_wconf 89' lang='lat' dir='ltr'><strong>et</strong></span> <span class='ocrx_word' id='word_1_322' title='bbox 1025 2327 1164 2352; x_wconf 89' lang='lat' dir='ltr'><strong>summa</strong></span> <span class='ocrx_word' id='word_1_323' title='bbox 1189 2315 1227 2351; x_wconf 92' lang='lat' dir='ltr'><strong>in</strong></span> <span class='ocrx_word' id='word_1_324' title='bbox 1252 2314 1427 2362; x_wconf 86' lang='lat' dir='ltr'><strong>Olympiis</strong></span> <span class='ocrx_word' id='word_1_325' title='bbox 1452 2317 1590 2364; x_wconf 86' lang='lat' dir='ltr'><strong>magni-</strong></span> 
     </span>
     <span class='ocr_line' id='line_1_36' title="bbox 157 2374 1592 2426; baseline 0.003 -15"><span class='ocrx_word' id='word_1_326' title='bbox 157 2374 301 2413; x_wconf 86' lang='lat' dir='ltr'><strong>ficentia</strong></span> <span class='ocrx_word' id='word_1_327' title='bbox 338 2377 454 2426; x_wconf 84' lang='lat' dir='ltr'><strong>magis</strong></span> <span class='ocrx_word' id='word_1_328' title='bbox 500 2377 648 2425; x_wconf 80' lang='lat' dir='ltr'><strong>tyranni</strong></span> <span class='ocrx_word' id='word_1_329' title='bbox 700 2389 809 2425; x_wconf 88' lang='lat' dir='ltr'><strong>quam</strong></span> <span class='ocrx_word' id='word_1_330' title='bbox 851 2378 937 2415; x_wconf 87' lang='lat' dir='ltr'><strong>civis</strong></span> <span class='ocrx_word' id='word_1_331' title='bbox 974 2377 1126 2424; x_wconf 88' lang='lat' dir='ltr'><strong>speciem</strong></span> <span class='ocrx_word' id='word_1_332' title='bbox 1162 2389 1242 2413; x_wconf 89' lang='lat' dir='ltr'><strong>eum</strong></span> <span class='ocrx_word' id='word_1_333' title='bbox 1274 2388 1362 2423; x_wconf 87' lang='lat' dir='ltr'><strong>prae</strong></span> <span class='ocrx_word' id='word_1_334' title='bbox 1396 2389 1433 2414; x_wconf 90' lang='lat' dir='ltr'><strong>se</strong></span> <span class='ocrx_word' id='word_1_335' title='bbox 1466 2376 1592 2415; x_wconf 86' lang='lat' dir='ltr'><strong>tulisse</strong></span> 
     </span>
     <span class='ocr_line' id='line_1_37' title="bbox 159 2439 1588 2487; baseline 0.004 -15"><span class='ocrx_word' id='word_1_336' title='bbox 159 2442 434 2484; x_wconf 84' lang='lat' dir='ltr'><strong>commemorat3</strong></span> <span class='ocrx_word' id='word_1_337' title='bbox 470 2439 560 2476; x_wconf 88' lang='lat' dir='ltr'><strong>nihil</strong></span> <span class='ocrx_word' id='word_1_338' title='bbox 592 2441 718 2477; x_wconf 88' lang='lat' dir='ltr'><strong>contra</strong></span> <span class='ocrx_word' id='word_1_339' title='bbox 754 2440 842 2477; x_wconf 92' lang='lat' dir='ltr'><strong>dicit</strong></span> <span class='ocrx_word' id='word_1_340' title='bbox 875 2440 919 2477; x_wconf 90' lang='lat' dir='ltr'><strong>de</strong></span> <span class='ocrx_word' id='word_1_341' title='bbox 950 2439 1084 2477; x_wconf 88' lang='lat' dir='ltr'><strong>forensi</strong></span> <span class='ocrx_word' id='word_1_342' title='bbox 1114 2439 1178 2476; x_wconf 86' lang='lat' dir='ltr'><strong>illa</strong></span> <span class='ocrx_word' id='word_1_343' title='bbox 1203 2451 1323 2487; x_wconf 87' lang='lat' dir='ltr'><strong>opera,</strong></span> <span class='ocrx_word' id='word_1_344' title='bbox 1350 2451 1459 2487; x_wconf 76' lang='lat' dir='ltr'><strong>quam</strong></span> <span class='ocrx_word' id='word_1_345' title='bbox 1485 2440 1588 2479; x_wconf 83' lang='lat' dir='ltr'><strong>Corn.</strong></span> 
     </span>
    </p>
   </div>
  </div>
 </body>
</html>
