1755 2892
859 171 908 211 16

162 301 264 338 illam
303 302 549 339 narrationem
592 302 734 346 deberi,
777 301 878 338 cuius
915 294 1112 347 particula*
1133 302 1313 349 quaedam
1351 303 1450 350 apud
1493 304 1602 342 Diod.

166 375 196 401 c.
224 363 284 402 34.
322 363 370 403 36
407 365 509 401 extat
543 365 580 401 et
619 375 730 411 quam
770 375 881 410 supra
918 362 1073 400 diximus
1107 363 1218 400 etiam
1253 376 1335 401 cum
1357 366 1600 412 superioribus

164 425 380 472 quibusdam
421 425 572 462 Diodori
605 426 693 462 locis
730 425 785 462 ita
822 425 1027 469 convenire,
1067 426 1110 460 ut
1153 437 1196 461 ex
1229 426 1353 462 eodem
1384 423 1485 463 fonte
1521 438 1601 464 eam

163 497 328 523 manasse
353 487 443 524 satis
468 485 655 534 probabile
680 486 740 524 sit.
792 486 862 523 Sed
885 472 928 523 de
950 486 1064 533 ipsius
1098 485 1253 524 Diodori
1292 485 1336 523 de
1368 486 1462 524 bello
1497 486 1599 526 Pelo·

162 549 376 594 ponnesiaco
402 549 618 587 narratione
657 560 700 584 ex
737 548 883 594 Ephoro
918 550 1064 594 sumpta
1100 560 1172 584 non
1211 548 1300 584 satis
1339 548 1427 584 mihi
1455 548 1599 595 quidem

162 609 306 646 videtur
331 612 510 647 constare.
564 609 663 653 Quae
688 621 769 646 cum
795 603 997 656 Thucydidi
1022 609 1204 646 simillima
1237 609 1285 645 sit
1311 611 1347 645 et
1371 609 1537 656 plurimis
1560 610 1600 647 in

160 671 265 707 rebus
304 671 351 707 ad
390 672 541 708 verbnm
567 684 648 708 cum
688 683 729 708 eo
776 674 961 718 congruat,
1005 671 1074 708 nisi
1113 672 1210 718 quod
1247 683 1364 717 pauca
1399 684 1491 719 quae
1526 685 1599 710 non

163 735 287 768 extant
322 734 421 779 apud
455 734 558 769 illum
596 733 722 768 addita
765 735 864 776 sunt,
902 732 938 767 H
955 744 976 768 ο
989 733 1003 767 l
1016 733 1131 768 mius
1176 731 1403 781 (Geschichte
1439 732 1600 770 Siciliens

161 794 232 834 vol.
270 794 307 831 II
345 794 517 844 append.)
558 794 720 839 dubitat,
755 806 843 830 num
884 794 959 841 ipse
985 793 1210 842 Thucydides
1235 805 1258 831 a
1283 794 1390 833 Diod.
1415 795 1597 833 adhibitus

161 856 221 895 sit.
272 857 321 893 Et
346 857 413 893 hoc
451 857 597 903 quidem
620 857 747 904 negari
772 857 911 903 nequit,
950 868 1021 892 non
1057 867 1125 902 pro
1163 859 1260 893 certo
1294 857 1497 893 habendum
1522 870 1599 894 esse

160 918 257 965 quod
283 919 578 965 Volquardsenus
605 920 642 955 et
661 918 891 955 Oollmannus
917 917 1029 953 solo
1054 917 1217 954 Diodo
1232 930 1280 954 ro
1311 918 1547 956 adhibito
1567 920 1596 966 1)

160 982 367 1016 statuerunt
409 980 596 1026 Ephorum
647 980 763 1016 solum
808 991 830 1015 a
875 979 1034 1015 Diodoro
1083 979 1301 1025 exscriptum
1350 991 1441 1028 esse,
1493 981 1597 1017 illum

161 1044 282 1078 autem
328 1042 410 1089 ipsa
456 1042 677 1092 Thucydidis
725 1042 837 1079 verba
874 1040 1111 1087 exscripsisse.
1183 1041 1285 1084 Quod
1319 1041 1396 1078 veri
1429 1042 1601 1079 dissimile

160 1115 231 1140 non
271 1106 381 1148 esset,
424 1104 455 1140 si
497 1104 735 1150 complurium
771 1103 989 1149 scriptorum
1016 1103 1059 1138 de
1082 1103 1214 1139 eisdem
1240 1103 1345 1139 rebus
1375 1105 1599 1142 narrationes

160 1164 293 1201 eisdem
320 1176 401 1201 cum
425 1165 535 1201 Thuc.
563 1176 770 1212 congruere,
798 1165 930 1200 eisdem
957 1164 1003 1200 ab
1029 1164 1152 1200 eodem
1183 1164 1385 1210 discrepare
1409 1168 1599 1203 constaret.

160 1226 230 1263 Sed
280 1226 377 1263 illius
427 1227 470 1263 de
519 1238 592 1273 qua
643 1226 709 1263 hoc
758 1226 856 1262 loco‘
892 1226 1031 1274 agimus
1082 1225 1266 1262 relationis
1316 1228 1438 1271 partes
1488 1240 1598 1275 supra

159 1287 314 1323 vidimus
364 1299 443 1323 eam
494 1288 611 1334 ipsam
664 1288 710 1324 ob
763 1298 908 1324 causam
963 1287 1057 1323 inter
1106 1299 1144 1323 se
1194 1287 1459 1335 coniungendas
1509 1302 1594 1335 esse,

160 1350 246 1396 quia
295 1350 332 1385 in
378 1350 427 1386 eis
480 1361 573 1397 quae
619 1349 835 1386 dissentiunt
878 1351 914 1385 et
966 1361 988 1384 a
1030 1349 1140 1387 Thuc.
1194 1351 1230 1385 et
1280 1350 1326 1385 ab
1368 1352 1482 1388 altero
1533 1353 1595 1389 illo

159 1414 305 1447 auctore
344 1412 573 1448 consentiunt
604 1412 699 1448 inter
732 1423 791 1455 se;
833 1414 869 1447 et
912 1411 1056 1457 quidem
1092 1411 1172 1457 ipsa
1209 1410 1307 1447 facta
1347 1411 1518 1460 pleraque
1553 1426 1594 1450 ex

158 1474 270 1512 Thuc.
312 1475 458 1520 sumpta
501 1476 585 1510 sunt
624 1473 758 1509 additis
799 1473 923 1519 paucis
968 1484 1060 1519 quae
1106 1472 1253 1509 minoris
1291 1473 1365 1510 sint
1413 1476 1594 1520 momenti,

158 1535 313 1570 maxime
336 1534 385 1570 eis
405 1546 498 1581 quae
528 1536 690 1580 spectent
713 1534 761 1570 ad
787 1535 944 1570 auctoris
971 1534 1014 1570 de
1039 1534 1094 1569 his
1125 1534 1233 1570 rebus
1254 1535 1487 1583 sententiam,
1522 1548 1595 1582 qua

159 1597 268 1642 paulo
289 1596 410 1631 differt
436 1608 458 1631 a
474 1596 690 1641 Thucydide.
745 1595 848 1638 Quod
873 1595 904 1630 si
930 1597 1026 1631 recte
1043 1595 1246 1639 statuimus,
1268 1595 1362 1631 hanc
1382 1596 1592 1633 relationem

158 1657 378 1693 simillimam
418 1657 562 1703 quidem
594 1656 796 1703 Thucydidi
833 1668 907 1692 esse
946 1656 983 1691 in
1020 1657 1159 1700 multis,
1200 1668 1265 1692 sua
1304 1658 1425 1693 tamen
1462 1659 1594 1696 habere

249 1805 271 1847 ¹)
293 1806 384 1839 Sane
418 1805 440 1836 S
453 1806 469 1837 t
482 1804 529 1838 ed
543 1815 561 1837 e
574 1804 591 1836 f
595 1804 698 1837 eldt
731 1804 787 1846 (de
809 1804 976 1845 Lysandri
1000 1804 1196 1837 Plutarchei
1218 1804 1371 1838 fontibus
1406 1818 1439 1851 p.
1463 1808 1505 1841 37
1528 1809 1592 1851 sq.)

159 1862 303 1894 conatus
321 1864 371 1895 est
388 1860 532 1903 probare
550 1860 640 1893 Plut.
661 1861 764 1903 Ages.
788 1871 816 1893 c.
839 1862 860 1894 3
875 1862 911 1894 et
933 1862 991 1894 6-
998 1862 1052 1900 20,
1070 1871 1158 1902 quae
1175 1860 1396 1903 Xenophonti
1411 1860 1592 1894 simillima

160 1917 252 1955 sunt,
291 1926 361 1948 non
395 1925 437 1947 ex
471 1915 557 1948 Xen.
591 1914 667 1956 ipso
704 1914 763 1948 sed
800 1916 836 1947 et
868 1915 944 1958 ipsa
982 1925 1024 1948 ex
1047 1915 1237 1958 Ephoro
1260 1916 1397 1958 sumpta
1419 1925 1501 1955 esse,
1530 1916 1590 1958 qui

157 1980 322 2011 „magnas
345 1969 457 2012 operis
472 1968 719 2012 Xenophontei
742 1970 858 2012 partes
880 1970 1019 2002 tantum
1041 1980 1110 2004 non
1132 1969 1288 2013 integras
1311 1969 1349 2002 in
1371 1981 1469 2003 suum
1492 1981 1591 2004 usum

157 2023 416 2057 convertisset“.
462 2023 527 2057 Sed
549 2034 594 2057 ne
610 2024 691 2057 huic
713 2023 855 2066 quidem
877 2024 1054 2057 assentior.
1099 2024 1171 2057 Hoc
1188 2024 1263 2058 loco
1286 2024 1372 2058 satis
1395 2024 1464 2058 erit
1484 2035 1593 2058 unum

157 2089 426 2112 commemorare
459 2078 551 2120 quod
588 2078 857 2112 Stedefeldtium
890 2078 1028 2112 videtur
1066 2079 1206 2122 fugisse.
1251 2078 1337 2113 Cum
1376 2079 1470 2113 enim
1508 2079 1592 2113 satis

156 2132 278 2166 multis
301 2132 373 2166 eius
397 2133 489 2167 vitae
512 2133 596 2167 locis
619 2133 857 2177 Xenophontis
881 2144 1007 2167 nomen
1029 2134 1070 2166 ut
1094 2133 1244 2167 auctoris
1267 2134 1321 2167 sui
1343 2133 1466 2167 afferat
1488 2134 1591 2174 Plut.,

157 2198 246 2221 unus
269 2188 361 2220 certe
384 2190 435 2220 est
452 2198 520 2229 quo
544 2198 623 2221 eum
645 2187 761 2230 ipsum
772 2188 859 2221 Xen.
881 2189 964 2221 ante
986 2188 1101 2221 oculos
1125 2188 1283 2222 habuisse
1294 2190 1480 2232 appareat3
1503 2199 1532 2222 c.
1549 2189 1592 2221 34

159 2240 251 2274 enim
275 2241 319 2274 de
336 2241 455 2274 eadem
479 2253 515 2275 re
549 2242 661 2275 varias
684 2242 787 2274 affert
809 2241 1150 2275 Callisthenis
1179 2243 1215 2274 et
1247 2242 1590 2286 Xenophontis

157 2294 336 2338 opiniones
360 2295 468 2336 (cuius
492 2295 533 2330 de
557 2295 622 2329 hac
645 2307 682 2330 re
705 2295 872 2330 memoria
895 2297 992 2329 extat
1015 2295 1096 2331 hist.
1118 2306 1231 2339 graec.
1254 2296 1329 2337 VII,
1353 2300 1384 2337 5,
1410 2297 1473 2338 10),
1497 2296 1589 2339 quod

157 2361 226 2383 non
250 2361 291 2383 ex
314 2350 451 2393 Ephoro
475 2352 652 2394 sumptum
681 2362 753 2384 esse
777 2360 875 2394 posse
897 2361 998 2385 nemo
1022 2362 1091 2384 non
1108 2351 1281 2385 concedet.
1326 2352 1591 2395 Xenophontem

157 2405 265 2446 igitur
287 2405 399 2447 ipsum
425 2416 445 2437 a
471 2406 560 2439 Plut.
584 2406 619 2437 in
644 2406 717 2438 vita
741 2406 891 2447 Agesilai
916 2406 1095 2438 scribenda
1130 2405 1326 2438 adhibitum
1356 2416 1428 2439 esse
1463 2416 1590 2448 negare

157 2470 226 2493 non
254 2459 343 2493 licet.
