1755 2892
862 194 913 232 56

154 327 362 374 Thucydide
401 327 563 362 relictam
606 325 794 369 tractavit)
835 336 942 360 ausus
986 327 1041 360 est
1083 325 1237 361 multum
1277 326 1452 375 recedere,
1485 338 1602 372 pauca

152 390 275 424 tamen
303 388 446 423 addidit
472 390 508 423 et
535 388 571 422 in
597 386 777 422 nonnullis
804 385 909 421 nimis
935 386 1104 421 acerbum
1129 386 1274 422 illorum
1300 387 1473 423 iudicium
1501 388 1595 430 miti-

154 462 241 497 gare
265 450 417 488 studuit.
472 450 637 486 Ceterum
662 450 773 486 etiam
794 449 958 495 Ephorus
984 448 1168 494 putandus
1195 450 1249 485 est
1277 449 1345 485 sibi
1362 449 1599 495 proposuisse,

154 514 196 547 ut
223 512 411 547 materiem
439 523 462 546 a
487 512 723 557 Xenophonte
765 512 854 547 satis
886 511 985 546 aride
1021 512 1058 546 et
1096 509 1258 555 impolite
1297 511 1490 547 memoriae
1516 522 1600 556 pro-

155 573 270 609 ditam
292 573 402 620 paulo
429 571 626 620 pleniorem
650 576 687 610 et
712 573 959 610 iucundiorem
984 572 1175 616 redderet3
1217 572 1314 619 quod
1340 573 1370 609 si
1397 575 1493 609 recte
1519 584 1602 609 con-

154 635 319 682 iecimus,
355 633 460 670 facile
490 635 713 681 intellegitur
746 647 809 670 cur
835 634 1053 670 Plutarchus
1086 632 1162 669 eius
1201 634 1321 679 potius
1357 634 1604 670 narrationem

155 708 266 743 quam
292 696 411 743 ipsum
441 696 716 743 Xenophontem
743 699 885 733 secutus
912 696 968 732 sit.
1155 692 1159 696 ”

258 770 342 806 Non
366 770 516 805 minoris
543 770 718 806 momenti
751 772 835 805 sunt
873 781 966 816 quae
999 781 1041 804 ex
1075 769 1141 804 hac
1170 763 1379 815 quaestione
1405 770 1604 814 sequuntur

160 830 219 869 de
244 832 452 868 iudicio
496 833 632 878 quod
678 831 972 868 faciendum
1010 831 1080 866 sit
1121 831 1177 866 de
1211 831 1363 866 rebus
1397 829 1602 865 ultimis

159 893 287 929 belli
351 894 784 939 Peloponnesiaci
851 894 998 929 annis
1063 895 1247 942 gestis,
1327 892 1456 928 Adhuc
1507 892 1602 927 enim

156 956 336 992 historicis
363 956 401 991 in
427 956 577 992 diversis
613 957 707 992 inter
743 969 779 992 sc
813 956 1031 1002 scriptOmm
1068 956 1253 993 sententiis
1278 954 1479 990 iudicandis
1513 953 1604 989 nihil

156 1018 321 1053 relictum
346 1019 425 1053 erat
450 1017 520 1054 nisi
546 1020 588 1053 ut
613 1017 763 1064 singulis
790 1017 920 1063 quibus
946 1018 999 1053 illi
1026 1018 1120 1054 inter
1147 1030 1184 1053 se
1205 1016 1437 1052 dissentirent
1460 1014 1600 1051 collatis

159 1091 250 1126 quae
276 1091 341 1125 pcr
367 1091 404 1115 se
430 1078 678 1125 probabiliora
711 1081 828 1116 essent
865 1079 1125 1124 discernerent3
1157 1080 1230 1116 iam
1266 1078 1374 1125 paulo
1408 1077 1514 1113 aliter
1545 1087 1601 1113 res

159 1153 196 1177 se
236 1141 357 1188 habet,
396 1141 568 1187 quoniam
607 1141 844 1187 complurium
884 1144 1046 1177 veterum
1086 1142 1303 1187 scriptorum
1346 1140 1390 1175 de
1421 1140 1502 1175 tota
1536 1138 1602 1174 hac

159 1214 281 1238 rerum
308 1202 399 1238 serie
425 1202 624 1238 sententiae
650 1202 745 1238 inter
770 1214 807 1238 se
835 1202 1078 1248 discrepantes
1105 1202 1338 1239 conferendae
1361 1202 1456 1247 sunt,
1483 1200 1603 1236 altera

160 1263 381 1310 Thucydidis
406 1266 442 1298 et
467 1263 733 1309 Xenophontis,
772 1264 833 1310 qui
866 1264 969 1299 illum
995 1265 1033 1299 in
1059 1264 1280 1312 gravissimis
1316 1263 1423 1298 rebus
1457 1272 1605 1308 prorsus

158 1327 303 1360 secutus
331 1327 397 1368 est,
424 1325 541 1360 altera
567 1325 800 1371 Theopompi,
835 1326 931 1361 inter
958 1333 1050 1371 quos
1074 1326 1231 1361 medium
1257 1325 1331 1360 fere
1357 1326 1458 1359 tenet
1484 1324 1603 1359 locum

158 1387 335 1433 Ephorus,
378 1386 432 1422 ita
457 1388 596 1430 tamen,
634 1389 676 1422 ut
702 1387 850 1433 propius
878 1387 1025 1423 accedat
1063 1387 1109 1422 ad
1143 1386 1389 1433 Thucydidem
1424 1387 1460 1421 et
1488 1385 1606 1421 Xeno-

158 1449 343 1494 phontem.
397 1448 445 1484 Et
476 1446 696 1494 Thucydidis
731 1449 877 1495 quidem
924 1449 967 1484 de
1004 1448 1193 1484 Alcibiade
1233 1448 1405 1483 iudicium
1439 1458 1510 1483 non
1554 1447 1601 1482 ab

158 1510 256 1547 omni
294 1511 350 1546 ira
382 1512 492 1557 atque
531 1510 669 1546 invidia
699 1513 878 1547 remotum
913 1522 988 1547 esse
1015 1511 1193 1554 concedo;
1236 1513 1272 1546 et
1307 1522 1385 1546 eam
1412 1509 1529 1556 ipsam
1556 1509 1602 1547 ob

158 1585 304 1609 causam
340 1573 520 1619 Ephorus,
560 1573 623 1619 qui
655 1573 693 1607 in
728 1573 912 1619 plerisque
943 1585 1029 1609 non·
1051 1585 1160 1609 ausus
1194 1575 1248 1609 est
1290 1573 1443 1608 multum
1479 1572 1526 1606 ab
1563 1583 1603 1607 eo

157 1635 331 1678 recedere,
359 1636 482 1670 tamen
509 1635 552 1669 de
574 1635 637 1670 illo
666 1635 853 1681 aliquanto
879 1635 1003 1670 mitius
1027 1635 1171 1671 videtur
1198 1635 1434 1672 existimasse.
1475 1633 1602 1674 ,Multo

158 1696 273 1742 inagis
313 1695 583 1740 Theopompum
623 1695 911 1731 demonstratum
945 1698 999 1731 est
1031 1696 1161 1731 harum
1205 1707 1325 1731 rerum
1359 1695 1603 1731 narrationem

158 1759 204 1793 ad
236 1758 398 1794 studium
442 1770 548 1793 suum
573 1758 870 1804 voluntatemque
903 1759 1190 1794 accommodasse
1234 1760 1343 1804 atque
1387 1757 1475 1792 adeo
1509 1756 1607 1802 ipsas

158 1832 215 1855 res
241 1821 372 1866 gestas,
402 1831 473 1866 quo
500 1819 616 1866 magis
633 1820 671 1855 in
698 1815 912 1856 sententiam
939 1832 1042 1856 suam
1056 1820 1297 1862 convenirent,
1326 1821 1462 1854 temere
1477 1818 1606 1854 immu-

156 1883 277 1918 tasse:
307 1880 369 1926 qui
395 1882 476 1916 tota
503 1892 569 1916 sua
595 1881 804 1917 narratione
831 1882 1005 1927 populum
1033 1881 1305 1927 Atheniensium
1328 1880 1474 1927 eiusque
1500 1880 1606 1915 duces

156 1941 380 1987 perstrinxit,
409 1942 634 1978 Alcibiadem
661 1943 810 1978 summis
837 1943 1005 1978 laudibus
1027 1942 1157 1978 extulit
1183 1944 1231 1989 et,
1258 1954 1330 1988 quo
1357 1943 1473 1989 magis
1485 1944 1603 1978 totam

157 2015 281 2038 eorum
308 2014 401 2048 quae
428 2003 580 2038 adversa
605 2003 732 2039 fierent
760 2004 902 2049 eulpam
928 2004 965 2038 in
991 2004 1072 2039 illos
1099 2005 1343 2050 converteret,
1381 2014 1494 2048 paene
1529 2015 1605 2038 om-

158 2064 257 2099 nium
285 2063 456 2100 vitiorum
484 2065 665 2109 expertem
692 2065 807 2103 finxit.
860 2064 988 2111 Itaque
1014 2066 1168 2110 apparet
1206 2064 1401 2100 verendum
1428 2077 1513 2109 esse,
1559 2077 1603 2102 ne

159 2125 390 2171 Theopompo
416 2125 567 2160 nimium
594 2125 795 2161 tribuamus
823 2127 930 2165 fidei:
971 2130 1093 2162 tamen
1117 2127 1310 2163 verisimile
1335 2139 1407 2162 non
1434 2129 1489 2162 est
1520 2121 1604 2163 'ubi-

158 2198 298 2233 cunque
325 2198 347 2221 a
370 2186 578 2234 Thucydide
605 2189 641 2223 et
664 2186 898 2232 Xenophonte
926 2188 1080 2232 differat,
1103 2199 1251 2234 prorsus
1265 2188 1360 2226 falsa
1377 2200 1458 2225 eum
1473 2200 1604 2224 memo-

156 2338 235 2359 cum
275 2337 404 2369 magno
441 2327 575 2369 patriae
611 2326 823 2360 detrimento
858 2328 1025 2369 suscepit,
1061 2329 1245 2360 excusatur
1280 2337 1466 2369 eorumque
1503 2326 1606 2370 culpa

155 2381 383 2424 optimatium
412 2381 731 2415 machinationibus
772 2381 957 2421 tribuitur,
993 2390 1097 2423 quos,
1133 2393 1213 2415 cum
1249 2382 1438 2425 perniciem
1474 2381 1606 2415 liberae

158 2435 371 2479 reipublicae
408 2435 633 2476 molirentur,
668 2446 745 2469 eam
776 2436 819 2469 ob
854 2446 992 2469 causam
1024 2435 1128 2478 fingit
1158 2436 1260 2470 illum
1289 2436 1368 2471 odio
1403 2437 1598 2479 persecutos

160 2501 242 2529 esse,
267 2491 349 2532 quia
372 2491 527 2523 consiliis
551 2490 621 2523 suin
646 2502 724 2524 eum
750 2491 888 2524 obstare
911 2490 1180 2525 intellexissent.
