1755 2892
906 165 956 208 36

204 289 387 325 oratorem
414 287 546 325 civium
574 289 712 324 animos
746 288 793 323 ad
830 288 967 324 bellum
1003 287 1198 335 gerendum
1230 284 1473 324 inflammasse
1509 278 1651 335 (nempe

204 352 247 386 ut
283 349 412 387 eximio
452 350 594 396 patriae
634 362 755 387 amore
791 350 901 387 etiam
949 350 1066 397 magis
1102 350 1183 386 illos
1219 350 1288 386 sibi
1324 347 1557 396 conciliaret).
1608 349 1651 385 In

203 412 337 458 quibus
362 411 544 447 rhetorica
571 412 792 458 Theopompi
819 423 881 448 ars
907 412 1022 454 latet;
1061 412 1206 447 videtur
1248 413 1342 447 enim
1380 412 1467 447 satis
1494 410 1651 457 speciose

205 472 326 507 animo
352 471 496 508 finxisse
524 475 559 507 et
586 473 740 508 fortasse
769 473 935 508 oratione
962 484 1071 518 quam
1097 472 1324 508 Alcibiadem
1349 472 1542 508 habentem
1567 470 1652 508 fecit

201 533 417 580 exposuisse,
454 534 634 579 quomodo
663 534 707 580 ei,
741 536 783 568 ut
810 534 943 569 civium
969 533 1107 569 animos
1135 534 1204 568 sibi
1231 533 1489 579 reconciliaret,
1533 532 1649 568 dicen-

201 594 288 629 dum
310 593 454 633 fuisset.
505 594 622 641 Igitur
663 595 771 630 etiam
804 594 892 630 haec
926 606 967 630 ex
1006 594 1236 640 Theopompo
1278 596 1424 640 sumpta
1459 605 1534 630 csse
1570 605 1649 640 per-

203 666 349 691 suasum
384 655 512 694 habeo,
565 656 695 701 Populi
732 656 858 691 deinde
892 656 1037 691 decreta
1081 656 1128 691 ad
1161 656 1311 691 verbum
1349 656 1423 691 fere
1449 657 1652 702 congruunt

202 727 284 751 cum
334 715 497 751 Cornelio
544 719 580 751 et
625 716 783 751 Diodoro
831 717 910 764 (qui
945 719 1067 752 tamen
1105 716 1214 763 paulo
1248 716 1366 752 minus
1404 718 1571 752 accurate
1607 727 1650 752 ea

202 775 338 824 affert).
391 776 434 813 111
472 777 604 824 quibus
644 777 683 812 id
721 780 923 814 memoratu
945 778 1107 825 ,dignum
1150 779 1206 814 est
1243 790 1321 814 eam
1356 790 1429 825 qua
1464 777 1649 815 Cornelius

201 838 318 873 utitur
357 849 480 874 vocem
508 850 586 875 res
601 850 681 873 aer
695 839 804 873 andi
845 839 1114 874 accuratissime
1147 850 1341 885 congruere
1388 851 1469 874 cum
1508 839 1649 875 Graeca

200 909 297 943 voce,
316 910 425 946 quam
444 899 541 946 apud
561 902 745 936 auctorem
767 912 871 936 suum
881 900 1039 944 invenit,
1060 911 1152 947 quae
1170 902 1271 936 extat
1283 900 1381 946 apud
1399 900 1647 944 Plutarchum,
1677 929 1685 935 x

202 957 630 1008 ἀφοσιώσασθαι
672 962 843 1008 (itemque
889 962 1163 998 devovendi
1213 973 1282 997 vox
1316 973 1409 1007 quae
1450 961 1602 997 affertur
1626 972 1648 996 a

201 1021 364 1058 Cornelio
391 1024 427 1058 et
451 1022 518 1058 hoc
541 1022 618 1057 loco
645 1024 681 1058 et
708 1034 736 1062 c,
759 1024 792 1066 4,
816 1025 838 1060 5
859 1023 1026 1069 congruit
1051 1022 1281 1058 cumGraeca
1303 1021 1607 1069 aavaprioSa
1623 1036 1647 1065 ι,

199 1094 292 1130 quae
317 1085 354 1120 et
383 1081 462 1130 ipsa
488 1084 682 1119 secundum
707 1084 977 1131 Theopompum
1004 1096 1025 1119 a
1048 1083 1244 1119 Plutarcho
1269 1083 1408 1118 tradita
1432 1085 1488 1119 est
1513 1094 1543 1120 c.
1571 1082 1647 1128 22).

301 1156 411 1201 Apud
439 1155 766 1191 Plutarchum
793 1168 823 1192 c.
851 1157 900 1193 34
927 1157 1100 1192 nonnulla
1127 1156 1253 1192 addita
1277 1157 1382 1198 sunt,
1432 1166 1524 1201 quae
1550 1155 1648 1201 apud

200 1215 404 1253 Cornelium
431 1219 467 1252 et
506 1216 707 1253 Diodorum
733 1229 805 1253 non
830 1219 965 1254 extant.
1032 1216 1195 1254 Primum
1235 1217 1330 1253 enim
1370 1217 1413 1252 de
1453 1217 1549 1252 malo
1582 1216 1646 1252 illo

199 1277 328 1322 omine,
355 1278 453 1324 quod
480 1278 688 1314 Alcibiades
734 1291 775 1315 eo
811 1279 868 1315 die
903 1291 974 1325 quo
1013 1279 1202 1326 Plynteria
1238 1279 1440 1325 agebantur
1480 1276 1645 1313 Athenas

198 1339 357 1383 redierit,
382 1339 600 1376 Plutarchus
629 1340 763 1376 similia
788 1343 917 1377 narrat
944 1343 1054 1387 atque
1089 1340 1288 1386 Xenophon
1315 1339 1344 1387 1,
1372 1339 1405 1383 4,
1440 1340 1508 1382 12;
1549 1338 1646 1385 quod

199 1412 262 1437 cur
289 1412 370 1437 cum
397 1401 541 1438 Frickio
569 1414 611 1437 ex
650 1402 796 1448 Ephoro
838 1402 1041 1439 derivatum
1075 1405 1243 1449 putemus
1286 1401 1387 1436 nulla
1413 1402 1511 1436 certa
1537 1410 1647 1436 causa

197 1465 271 1506 est;
300 1465 422 1509 potest
447 1462 542 1499 enim
564 1465 749 1509 sumptum
777 1475 852 1499 esse
878 1467 943 1500 aut
967 1476 1009 1500 ex
1032 1464 1270 1509 Xenophonte
1299 1463 1377 1508 ipso
1405 1460 1647 1509 (quamquam

194 1535 322 1570 pauca*
337 1513 464 1560 addita
489 1526 574 1559 sunt
600 1525 644 1559 de
669 1525 745 1559 ritu
771 1536 811 1560 eo
838 1525 896 1560 die
922 1526 1019 1570 apud
1045 1523 1282 1560 Athenienses
1307 1523 1485 1567 sollemni)
1511 1524 1576 1558 aut
1601 1533 1645 1558 ex

193 1584 447 1631 Theopompo;
491 1579 761 1632 Theopompum
801 1586 896 1621 enim
937 1586 1182 1632 superioribus
1209 1585 1390 1631 capitibus
1424 1584 1642 1620 Plutarchus

192 1648 335 1683 secutus
362 1648 417 1683 est
442 1658 594 1693 eumque
621 1647 742 1693 ipsum
774 1648 917 1693 saepius
956 1648 1229 1693 Xenophontem
1265 1646 1470 1682 adhibuisse
1505 1647 1541 1681 et
1565 1646 1645 1691 ipsa

193 1708 306 1743 verba
332 1708 408 1744 eius
434 1708 664 1753 exscripsisse
689 1708 778 1744 satis
805 1710 959 1746 constat.
998 1708 1085 1744 Inde
1112 1710 1233 1744 autem
1261 1719 1353 1754 quae
1378 1707 1577 1753 sequuntur
1603 1706 1647 1741 de

191 1779 326 1815 pompa
351 1768 536 1805 Eleusinia
562 1769 734 1805 restituta
767 1769 936 1805 differunt
963 1781 985 1805 a
1010 1770 1246 1815 Xenophonte
1272 1781 1343 1804 non
1378 1768 1484 1804 modo
1510 1760 1645 1803 additis

191 1829 387 1873 nonnullis,
414 1830 477 1866 sed
505 1830 696 1877 praecipue
723 1842 777 1878 eo,
805 1831 903 1877 quod
925 1832 1003 1868 tota
1022 1830 1185 1868 narratio
1218 1831 1265 1866 ad
1298 1826 1498 1866 Alcibiadis
1521 1828 1647 1865 laudes

188 1892 449 1937 praedicandas
489 1892 655 1928 omnibus
679 1892 795 1927 modis
834 1895 1010 1928 exornata
1042 1895 1108 1931 est.
1161 1893 1390 1938 Theopompo
1419 1891 1532 1938 igitur
1558 1890 1645 1925 haec

194 2038 333 2071 quoque
355 2028 399 2062 ob
423 2038 563 2062 causam
575 2029 606 2062 ei
630 2039 700 2062 non
721 2029 858 2071 saepius
876 2041 961 2073 opus
979 2032 1064 2069 erat,
1088 2030 1172 2072 quia
1189 2032 1225 2063 et
1241 2029 1398 2072 Ephorus
1415 2028 1453 2060 in
1470 2026 1646 2070 plerisque

190 2083 227 2115 et
249 2082 493 2125 Theopompus
517 2082 554 2114 in
578 2082 697 2115 multis
721 2082 989 2126 Xenophontem
1013 2084 1277 2127 exscripserant,
1301 2085 1337 2116 et
1361 2082 1485 2116 maluit
1500 2081 1646 2115 fortasse

185 2136 260 2170 illis
283 2136 348 2176 uti,
372 2136 457 2178 quia
479 2136 684 2179 ampliorem
708 2138 743 2170 et
766 2138 881 2170 minus
904 2138 1032 2171 siccam
1055 2138 1273 2181 praebebant
1290 2136 1539 2170 narrationem.
1571 2135 1645 2168 Hoc

184 2191 260 2234 ipso
284 2190 360 2223 loco
383 2199 443 2222 cur
466 2189 705 2232 Xenophontis
737 2190 843 2224 verba
866 2190 1027 2225 attulerit
1050 2192 1135 2238 satis
1159 2190 1386 2235 perspicitur,
1411 2189 1576 2232 quoniam
1599 2188 1645 2222 ad

191 2244 317 2278 miram
340 2244 443 2278 illam
466 2244 606 2278 Duridis
637 2245 842 2279 memoriam
866 2246 1089 2280 refutandam
1122 2247 1158 2281 id
1180 2247 1313 2290 .ipsum
1334 2244 1427 2288 quod
1448 2244 1646 2287 Xenophon

186 2299 473 2333 commemoravit
496 2299 676 2342 aptissime
700 2300 731 2333 ei
754 2301 933 2340 convenit;
951 2301 1041 2343 quod
1066 2301 1163 2335 idem
1188 2312 1209 2334 a
1226 2301 1451 2344 Theopompo
1474 2298 1645 2332 traditum

188 2363 261 2387 esse
285 2353 358 2388 veri
383 2353 658 2387 dissimillimum
683 2357 735 2389 est
772 2356 869 2396 (num
905 2356 950 2389 ab
982 2356 1129 2399 Ephoro,
1170 2356 1239 2390 dici
1263 2355 1410 2398 nequit).
1459 2354 1498 2387 Id
1535 2353 1646 2397 igitur

189 2409 304 2441 solum
329 2419 370 2442 ex
390 2408 454 2443 hoc
476 2409 553 2443 loco
576 2410 696 2453 colligi
720 2412 836 2453 potest
859 2411 1086 2444 Plutarchum
1109 2411 1122 2444 i
1140 2411 1285 2444 nterd
1299 2423 1322 2444 u
1335 2421 1370 2443 m
1392 2409 1508 2452 ipsum
1530 2408 1646 2444 Xeno·
1700 2435 1705 2439 ,

185 2461 354 2505 phontem
388 2462 598 2498 adhibuisse.
