1755 2892
837 135 859 174 5

127 268 337 314 repugnant.
392 265 501 311 Apud
540 263 738 300 Diodorum
772 264 866 300 enim
892 264 1060 312 legimus,
1105 276 1185 300 cum
1229 275 1368 299 summo
1409 260 1562 297 amissae

128 327 267 375 patriae
290 325 464 362 desiderio
490 327 687 369 teneretur,
723 325 814 360 nihil
838 337 919 361 eum
946 325 1129 372 antiquius
1155 325 1341 367 habuisse,
1382 335 1492 370 quam
1519 324 1562 357 ut

126 390 159 427 ei
184 387 322 436 aliquid
346 385 523 424 commodi
548 377 752 430 conferret,⁴
774 397 924 433 eamque
962 387 1008 424 ob
1048 398 1193 424 causam
1217 398 1299 423 eum
1322 385 1488 430 effecisse,
1516 386 1559 421 ut

128 450 250 488 classis
274 445 479 492 Persarum,
516 459 539 484 a
564 459 637 494 qua
661 447 941 484 Atheniensibus
965 451 1043 485 tum
1066 448 1239 494 temporis
1264 459 1443 483 summum
1466 446 1559 492 peri-

127 512 245 549 culum
285 509 513 557 imminebat,
556 508 847 546 Lacedaemoniis
884 521 957 546 non
998 508 1202 545 mitteretur
1240 507 1386 546 auxilio.
1459 507 1559 551 Quae

126 570 239 609 multo
265 571 371 607 aliter
395 570 533 606 tradita
558 571 642 606 sunt
668 581 691 605 a
718 569 937 617 Thucydide.
989 569 1025 606 Is
1053 570 1147 605 enim
1164 569 1389 605 Alcibiadem
1413 569 1560 605 minime

125 632 265 681 patriae
304 632 486 667 amantem
530 630 592 667 sed
630 642 694 667 suo
734 631 850 667 solum
888 631 1072 668 commodo
1112 630 1323 667 servientem
1357 630 1465 669 facit:
1494 630 1558 678 qui

123 696 315 742 postquam
339 694 386 729 ab
410 693 689 730 Atheniensibus
714 693 905 730 damnatus
931 696 995 738 est,
1029 693 1215 729 iracundia
1241 693 1484 730 inflammatus
1510 693 1558 729 ad

123 754 421 791 Lacedaemonios
446 751 601 797 transiit,
634 753 729 798 inde,
772 765 853 790 cum
876 755 1025 801 propter
1048 754 1265 800 pravitatem
1292 756 1328 790 et
1347 754 1554 789 inconstan-

122 816 213 852 tiam
241 815 375 862 ingenii
401 814 636 861 suspicionem
674 826 798 851 eorum
831 815 1017 862 movisset,
1062 815 1108 851 ob
1138 815 1255 861 ipsam
1288 815 1482 853 versutiam
1521 818 1558 851 et

121 875 308 923 perfidiam
346 887 369 911 a
406 875 641 922 Tissapherne
677 876 716 911 in
754 875 912 923 gratiam
936 878 1098 922 receptus
1137 876 1234 922 apud
1272 888 1355 912 eum
1386 876 1558 924 ambigua

121 938 191 974 fide
214 937 321 974 modo
346 937 636 974 Lacedaemoniis
662 937 767 974 modo
789 936 1068 974 Atheniensibus
1093 949 1130 974 se
1155 937 1337 974 consulere
1362 937 1557 975 simulavit.

122 999 258 1043 Quibus
293 999 400 1035 rebus
450 1000 639 1045 postquam
671 999 748 1045 ipse
784 999 1020 1035 Athenienses
1062 999 1100 1034 in
1139 1010 1317 1035 summum
1359 998 1557 1044 perieulum

122 1059 253 1105 iniecit,
294 1072 334 1097 eo
376 1060 473 1107 quod
507 1060 598 1096 falso
632 1060 799 1107 promisit
836 1072 874 1096 se
914 1060 1088 1096 auxilium
1129 1059 1375 1106 Tissaphernis
1412 1060 1459 1096 ad
1498 1072 1557 1097 eos

126 1122 342 1159 collaturum
368 1133 461 1166 esse,
502 1122 627 1166 effecit,
665 1124 710 1159 ut
748 1133 785 1158 se
823 1121 869 1158 ab
907 1121 1011 1157 exilio
1046 1123 1274 1158 revocarent:
1315 1122 1442 1157 deinde
1477 1133 1558 1158 cum

125 1182 220 1220 felici
253 1195 339 1220 casu
363 1183 548 1226 accideret,
590 1185 633 1219 ut
659 1183 913 1229 Tissaphernes
937 1194 977 1219 re
1001 1194 1088 1219 vera
1124 1193 1232 1219 naves
1264 1182 1358 1231 illas,
1391 1195 1483 1229 quae
1521 1184 1559 1219 in

121 1245 484 1282 Lacedaemoniorum
514 1244 687 1280 auxilium
722 1245 796 1280 iam
833 1246 985 1290 paratae
1020 1246 1135 1288 erant,
1176 1244 1256 1280 aliis
1281 1245 1326 1280 de
1354 1245 1469 1282 causis
1493 1246 1559 1294 (de

122 1307 252 1354 quibus
291 1306 403 1347 Thuc.
438 1306 529 1342 nihil
562 1306 650 1343 certi
684 1306 773 1342 dicit
808 1306 986 1352 constare)
1025 1318 1098 1342 non
1134 1306 1316 1350 mitteret,
1354 1306 1559 1345 Alcibiades

121 1369 244 1405 eodem
295 1380 366 1414 quo
408 1368 663 1414 Tissaphernes
708 1369 869 1414 tempore
913 1367 1124 1413 Aspendum
1162 1367 1345 1413 profectus
1385 1368 1479 1405 cives
1521 1369 1559 1404 in

121 1430 323 1476 opinionem
349 1429 500 1465 adduxit
524 1442 562 1466 se
585 1430 705 1476 ipsum
729 1429 820 1465 illud
845 1441 867 1465 a
892 1428 1130 1475 Tissapherne
1154 1428 1376 1475 impetrasse.
1438 1430 1559 1466 Etiam

123 1491 219 1538 quod
257 1491 301 1527 de
326 1488 544 1526 Theramene
583 1490 764 1526 Diodorus
799 1489 885 1526 fecit
923 1489 1096 1526 iudicium
1137 1489 1257 1525 differt
1291 1501 1314 1525 a
1340 1490 1557 1538 Thucydide.

122 1552 212 1589 Cum
243 1552 338 1589 enim
386 1553 483 1599 apud
518 1552 622 1588 illum
656 1552 885 1588 Theramenis
925 1564 1041 1588 mores
1078 1551 1247 1588 laudibus
1292 1552 1486 1589 efferantur
1524 1556 1561 1590 et

121 1616 310 1662 tamquam
335 1626 506 1662 magnum
530 1613 574 1649 de
599 1613 720 1659 patria
738 1613 906 1649 meritum
930 1612 1167 1660 praedicetur,
1194 1613 1291 1660 quod
1314 1613 1390 1650 eius
1415 1614 1559 1660 potissi-

121 1688 220 1712 mum
252 1675 385 1713 auxilio
428 1675 633 1712 Alcibiades
671 1675 828 1712 reditum
862 1675 901 1711 in
936 1674 1095 1722 patriam
1136 1676 1264 1711 nactus
1303 1677 1407 1721 esset,
1448 1677 1559 1714 Thuc.

121 1749 341 1785 quamquam
359 1737 539 1774 sollertem
564 1749 646 1773 eum
670 1737 780 1773 fuisse
802 1737 980 1773 hominem
1005 1736 1092 1772 dicit
1118 1738 1154 1772 et
1169 1736 1410 1782 ambitiosum,
1436 1740 1559 1775 tamen

121 1799 219 1846 quod
242 1799 359 1845 primo
383 1798 612 1845 optimatium
649 1797 839 1844 imperium
873 1798 1090 1835 auctoritate
1115 1809 1181 1834 sua
1207 1798 1399 1848 adiuverit,
1434 1805 1561 1847 postea

122 1861 317 1897 ambitione
356 1861 484 1898 ductus
518 1860 556 1895 in
587 1860 876 1897 adversariorum
899 1861 1021 1905 partes
1046 1860 1243 1908 transierit,
1282 1861 1443 1907 graviter
1467 1862 1560 1898 vitu-

120 1923 236 1967 perat.
288 1921 387 1964 Quae
412 1920 532 1957 omnia
557 1920 589 1957 si
609 1920 885 1967 consideramus,
912 1922 1064 1966 apparet
1084 1911 1156 1957 nou
1181 1932 1285 1967 posse
1310 1933 1396 1958 casu
1420 1921 1559 1959 factum

123 1995 199 2020 esse
226 1985 269 2019 ut
299 1981 355 2019 his
381 1983 488 2019 rebus
516 1982 623 2021 Diod.
650 1994 673 2018 a
700 1982 810 2021 Thuc.
837 1982 997 2026 differat,
1037 1981 1100 2018 sed
1126 1984 1162 2019 et
1188 1983 1330 2030 singula
1354 1983 1428 2027 illa,
1469 1995 1561 2031 quae

124 2056 224 2081 secus
248 2046 443 2081 narrantur
481 2046 517 2081 et
545 2045 664 2080 totum
691 2044 949 2081 sententiarum
987 2043 1148 2080 ordinem
1186 2044 1366 2081 artissime
1402 2045 1497 2081 inter
1521 2057 1558 2082 se

124 2106 312 2143 cohaerere
369 2117 533 2154 eas-que
586 2105 923 2142 differentias
973 2108 1111 2152 natas
1163 2117 1266 2143 esse
1319 2118 1371 2142 ex
1422 2109 1563 2143 certa

123 2168 322 2214 quadam
348 2169 394 2204 et
419 2179 442 2204 a
467 2167 763 2215 Thucydide
793 2167 985 2205 diversa
1011 2167 1063 2204 de
1091 2167 1369 2207 Alcibiadis
1407 2169 1562 2216 gestis

124 2230 365 2275 opinione
390 2229 520 2274 eius,
563 2241 652 2276 quo
693 2229 831 2268 Diod.
870 2229 918 2264 in
955 2229 1046 2265 hoc
1096 2229 1263 2275 capite
1318 2242 1437 2266 usus
1488 2233 1561 2267 est

124 2292 238 2327 auct
251 2302 272 2327 o
285 2303 304 2327 r
317 2301 360 2329 e:
393 2291 506 2338 igitur
528 2290 744 2338 ubicumque
775 2290 872 2337 apud
895 2291 1031 2326 ceteros
1057 2290 1248 2336 scriptores
1273 2290 1336 2338 qui
1361 2290 1405 2326 de
1430 2290 1563 2327 eisdem

123 2351 230 2389 rebus
262 2352 504 2397 tradiderunt,
542 2352 691 2389 eandem
726 2352 770 2389 de
793 2351 982 2389 Alcibiade
1007 2351 1210 2399 opinionem
1236 2352 1459 2400 eundemque
1484 2364 1563 2390 sen-

121 2413 319 2450 tentiarum
355 2414 516 2450 ordinem
550 2414 801 2462 invenerimus,
839 2414 1036 2451 certissimo
1061 2414 1192 2451 iudicio
1217 2414 1342 2451 licebit
1381 2414 1564 2451 affirmare

122 2475 273 2513 eundem
299 2478 486 2513 auctorem
511 2476 714 2514 adhibitum
739 2487 827 2513 esse.
