1755 2892
820 148 870 191 13

127 281 329 319 accusarint
381 281 496 330 (velut
538 281 593 318 his
630 282 766 319 verbis·
796 279 985 330 ψυχραί
1038 293 1167 324 τινες
1219 278 1438 327 ὑποψίαι
1484 278 1558 316 καὶ

128 343 374 393 διαβολαὶ
405 339 511 380 κατὰ
551 346 641 379 ‘ccv‘
662 341 768 382 ‘Am
795 340 1073 392 προσέπιπτον
1108 339 1209 379 ἀπὸ
1242 341 1440 380 δούλων
1476 343 1558 378 καὶ

128 404 410 454 μετοίκων);
454 405 551 453 quod
589 416 736 452 prorsus
792 415 865 440 non
907 404 1071 441 convenit
1109 416 1189 440 cum
1230 404 1337 443 Diod.
1388 406 1425 440 et
1449 404 1558 456 Just„

125 468 188 515 qui
226 471 350 505 utrum
374 467 579 504 Alcibiades
615 467 654 503 in
692 466 798 513 culpa
834 466 946 503 fuerit
980 478 1089 502 necne
1120 466 1158 502 in
1191 466 1300 503 dubio
1338 466 1556 513 relinquunt.

125 529 246 576 Atque
283 530 393 566 etiam
429 541 543 567 vanus
582 529 645 565 ille
694 529 737 565 de
780 528 974 575 tyrannide
1016 528 1126 564 timor
1168 528 1264 574 apud
1301 528 1399 566 Plut.
1434 528 1558 564 eodem

104 584 231 627 'modo
257 603 328 638 quo
353 591 451 638 apud
475 590 579 631 Corn.
606 591 916 638 commemoratur,
944 591 981 625 et
1005 589 1183 635 plerisque
1208 587 1294 625 locis
1318 590 1414 637 volgi
1434 590 1558 626 credu-

122 653 208 689 litas
247 658 284 690 et
315 653 426 690 libido
467 652 689 701 gravissimis
719 652 837 689 verbis
860 651 1124 697 vituperantur.
1189 650 1242 686 De
1283 662 1324 687 eo
1361 651 1439 687 loco
1485 663 1557 698 quo

123 714 235 761 ipsius
261 715 478 762 Thucydidis
511 726 640 751 nomen
680 726 703 750 a
738 714 837 752 Plut.
876 713 1025 749 affertur
1062 714 1189 759 postea
1221 712 1387 749 dicemus.
1438 713 1559 749 Etiam

122 775 222 812 Plut.
244 775 408 822 deinceps
433 776 587 812 hominis
611 775 708 811 illius
733 775 948 811 mentionem
960 772 1060 818 facit,
1091 774 1154 820 qui
1179 774 1284 809 lunae
1309 774 1442 810 lumine
1466 775 1557 811 Her-

124 837 393 883 mocopidarum
429 836 537 873 facies
575 849 613 873 se
650 837 837 884 agnovisse
871 834 963 872 falso
1003 836 1144 872 dixerit.
1172 835 1211 873 O.
1235 836 1281 873 21
1309 836 1353 872 de
1376 836 1559 872 Andocide

122 898 349 935 accuratiora
385 899 592 942 traduntur,
633 901 670 935 et
706 910 787 934 cum
822 897 926 935 Corn,
953 897 1000 933 ad
1023 897 1172 934 verbum
1200 897 1369 933 convenit
1394 898 1491 945 quod
1516 898 1560 934 de

123 961 299 998 Mercurio
322 959 384 997 illo
409 960 604 997 Andocidis
630 961 757 1004 affert3
794 961 832 996 in
866 971 939 1007 qua
976 971 1015 995 re
1053 959 1242 1005 praecipue
1266 958 1334 995 hoc
1357 962 1560 997 memoratu

126 1023 272 1071 dignum
297 1024 361 1066 est,
390 1022 486 1068 quod
513 1022 616 1059 Corn.
642 1022 859 1058 Mercurium
887 1021 990 1057 illum
1015 1032 1039 1066 p
1053 1032 1074 1056 o
1088 1032 1104 1056 s
1117 1022 1166 1056 te
1180 1032 1202 1055 a
1232 1020 1427 1058 Andocidis
1453 1034 1558 1059 voca-

93 1089 95 1091 ’
126 1087 205 1121 tum
241 1097 327 1128 esse,
367 1081 467 1121 Plut.
507 1083 589 1119 καὶ
612 1088 670 1120 νῦ
674 1098 695 1120 ν
735 1096 817 1121 eum
849 1083 903 1118 ita
926 1082 1105 1118 nominari
1138 1082 1247 1125 dicit;
1290 1084 1387 1129 quod
1421 1096 1493 1120 non
1517 1085 1562 1120 de

101 1145 223 1183 'Plut.
259 1145 322 1180 sed
351 1145 395 1180 de
428 1144 584 1180 auctoris
617 1145 692 1180 eius
730 1147 891 1189 tempore
926 1143 1205 1189 intellegendum
1239 1155 1314 1179 esse
1350 1156 1453 1180 nemo
1490 1157 1561 1181 non

125 1206 303 1245 concedet.
367 1205 529 1252 Denique
566 1205 663 1251 quod
701 1205 768 1241 sub
793 1205 902 1241 finem
948 1205 1076 1250 capitis
1121 1205 1354 1242 Athenienses
1393 1206 1561 1243 dicuntur

127 1267 297 1310 timuisse,
322 1278 367 1302 ne
392 1266 602 1302 seditionem
619 1268 777 1302 moveret
801 1266 986 1313 exercitus,
1014 1278 1086 1302 non
1103 1266 1284 1302 invenitur
1303 1267 1400 1312 apud
1419 1268 1559 1315 Thucy—

127 1328 268 1364 didem:
306 1338 399 1374 quae
423 1329 575 1373 apparet
608 1326 701 1362 idem
727 1328 892 1373 spectare
916 1329 1024 1374 atque
1050 1339 1102 1373 ea,
1139 1339 1231 1374 quae
1262 1328 1305 1363 de
1331 1328 1462 1365 eisdem
1487 1330 1560 1366 iam

130 1402 159 1427 6.
187 1389 231 1425 19
270 1389 408 1424 tradita
445 1390 549 1430 sunt;
588 1399 699 1433 eoque
735 1387 845 1423 etiam
882 1390 997 1435 magis
1022 1390 1277 1435 comprobatur
1314 1391 1400 1426 haec
1439 1393 1560 1437 capita

130 1451 275 1490 18-21
302 1450 481 1488 artissime
507 1450 602 1487 inter
629 1461 666 1486 se
692 1449 890 1490 cohaerere,

227 1512 325 1547 Num
349 1524 392 1547 ex
414 1512 537 1547 eodem
551 1513 696 1547 auctore
721 1511 830 1546 etiam
856 1523 887 1550 c.
903 1512 951 1548 22
969 1514 1151 1557 sumptum
1170 1512 1227 1555 sit,
1255 1513 1414 1549 dubitari
1432 1515 1560 1551 saltem

128 1575 266 1621 potest,
305 1572 437 1620 quippe
481 1572 519 1608 in
555 1584 625 1619 quo
666 1570 755 1608 nihil
791 1572 878 1609 insit
915 1585 957 1609 ex
995 1573 1045 1609 eis
1077 1585 1169 1620 quae
1206 1573 1310 1610 huius
1340 1576 1559 1613 narrationis

129 1635 277 1681 propria
301 1635 385 1670 sint.
438 1634 541 1676 Quod
579 1635 700 1669 autem
740 1633 904 1670 Thessali
942 1634 1006 1669 illa
1046 1633 1276 1682 εἰσαγγελία,
1325 1636 1425 1672 cuius
1458 1637 1564 1676 Plut.

126 1699 198 1734 iam
228 1709 259 1734 6.
300 1698 347 1735 18
384 1697 599 1732 mentionem
636 1696 739 1739 fecit,
792 1696 859 1732 hoc
897 1696 975 1731 1060
1006 1698 1087 1731 tota
1132 1696 1325 1745 profertur,
1357 1701 1452 1734 certe
1489 1711 1561 1735 non

127 1759 287 1806 impedit,
321 1758 511 1805 quominus
536 1758 624 1794 haec
647 1757 694 1793 ad
725 1757 874 1793 eundem
899 1759 1081 1793 auctorem
1111 1757 1296 1793 referenda
1326 1770 1403 1795 esse
1440 1760 1561 1797 existi-

128 1832 276 1856 memus.
340 1820 461 1856 Etiam
500 1819 671 1854 iudicium
711 1818 754 1853 de
790 1818 977 1853 Alcibiade
1024 1818 1165 1854 factum
1211 1831 1284 1854 non
1323 1820 1441 1856 minus
1482 1833 1563 1858 cum

127 1881 271 1918 Justino
311 1893 420 1927 quam
455 1892 537 1916 cum
577 1879 738 1915 Cornelio
777 1879 961 1926 congruit3
1012 1879 1091 1924 ipsa
1133 1880 1269 1915 Justini
1307 1881 1418 1917 verba
1454 1895 1530 1929 „pe
1543 1895 1562 1918 r

129 1943 324 1979 omnium
350 1939 686 1979 sacerdotium
716 1941 1010 1988 religiones“
1045 1939 1105 1977 vix
1131 1941 1291 1989 intellegi
1316 1946 1466 1988 possunt
1490 1945 1560 1980 nisi

132 2004 272 2040 collatis
308 2003 406 2041 Plut.
449 2002 572 2039 verbis
611 2003 671 2037 &n
696 2001 949 2050 καταρᾶσθαι
976 2000 1332 2051 προσεψηφίσαντο
1366 2001 1561 2048 πάντας

131 2065 280 2114 ἱερεῖς
314 2062 396 2100 καὶ
439 2061 645 2113 ἱερείας.
717 2062 787 2099 Sed
822 2074 867 2100 ne
898 2074 940 2099 ea
966 2063 1111 2110 quidem
1136 2075 1175 2099 re
1202 2064 1362 2111 cogimur
1383 2067 1426 2102 ut
1450 2065 1562 2102 alium

130 2126 168 2161 in
178 2126 246 2162 hoc
261 2126 377 2172 capite
389 2125 592 2161 adhibitum
605 2136 682 2160 esse
694 2126 876 2160 auctorem
891 2125 1122 2171 suspicemur,
1139 2127 1283 2170 poterat
1295 2137 1380 2162 sane
1391 2126 1458 2162 hoc
1471 2127 1563 2163 iudi-

131 2186 225 2223 cium
254 2188 291 2222 et
316 2186 362 2222 ab
378 2186 445 2223 hoc
469 2187 506 2222 et
529 2186 576 2221 ab
603 2185 719 2221 altero
741 2185 805 2221 illo
823 2185 998 2232 scriptore
1023 2185 1154 2223 afferri.
1192 2186 1313 2232 Atque
1326 2198 1407 2223 cum
1417 2187 1561 2223 initium

130 2248 236 2284 huius
254 2247 381 2293 capitis
392 2259 473 2283 cum
486 2247 729 2293 superioribus
738 2247 916 2292 capitibus
928 2246 1015 2292 ipsis
1028 2247 1211 2283 sententiis
1224 2249 1260 2283 et
1272 2248 1379 2284 rebus
1395 2249 1561 2285 coniunc-

130 2310 209 2345 tum
230 2308 288 2353 sit,
316 2308 425 2344 etiam
449 2308 517 2345 hoc
530 2319 572 2344 ex
586 2308 710 2344 eodem
730 2307 830 2344 fonte
849 2318 1014 2343 manasse
1031 2307 1108 2344 veri
1125 2319 1196 2343 non
1211 2307 1354 2344 videtur
1372 2307 1559 2349 dissimile.

229 2370 360 2408 Totam
385 2372 509 2407 autem
535 2370 626 2406 hanc
654 2370 753 2410 Plut.
779 2370 1022 2406 narrationem
1045 2381 1129 2406 cum
1155 2371 1296 2407 constet
1320 2370 1358 2407 in
1376 2371 1556 2420 plerisque

130 2433 329 2468 consentire
354 2444 435 2467 cum
458 2433 550 2467 Corn
566 2458 575 2474 ,
616 2429 805 2467 dissentire
832 2442 854 2465 a
885 2431 989 2467 Diod.
1015 2433 1052 2465 et
1076 2431 1184 2478 Just„
1218 2432 1278 2467 vix
1303 2433 1453 2468 dubium
1483 2446 1559 2470 esse
