1755 2892
853 133 904 171 49

155 261 293 305 Deinde
319 260 429 297 etiam
473 260 522 296 eis
563 271 655 307 quae
694 259 811 306 eapite
845 260 1007 306 proximo
1033 260 1226 306 adduntur,
1268 260 1488 308 Theopompi
1513 272 1591 298 sen-

156 324 274 361 tentia
287 322 451 359 dilucide
479 322 656 366 apparet;
693 332 773 356 eum
800 321 899 356 euius
926 323 1180 358 consuetudine
1214 323 1323 359 etiam
1348 323 1385 358 id
1407 322 1592 369 aptissime

157 385 300 431 videtur
326 393 431 431 posse
457 382 665 431 consociari,
706 382 802 430 quod
838 382 998 431 singulae
1040 385 1235 422 sententiae
1268 385 1365 423 inter
1402 397 1439 422 se
1477 384 1592 422 subti-

141 448 291 486 -lissime
317 447 548 492 opponuntur
573 441 715 492 (ταχύ,
733 442 823 490 δὲικ
837 443 893 480 αὶ
930 459 956 479 τ
971 451 1048 488 οῖς
1088 460 1116 481 π
1131 445 1170 481 εί
1185 435 1249 482 σά
1263 460 1289 481 σ
1306 462 1318 482 ι
1352 446 1442 494 καζὶ
1473 461 1501 482 τ
1515 453 1592 488 οῖς

157 508 428 548 πεισθεῖσι
468 502 822 555 μετεμέλησέν
997 508 1047 543 οἱ
1087 506 1177 556 μὲν
1211 505 1303 556 γάρ
1340 507 1594 558 ἐξαπζατη·

158 570 345 612 θέντες
383 567 558 617 ἐπίχειρα
595 567 689 616 wig:
704 566 863 617 ἀγνοίας
911 565 1053 616 ἔλαβον
1095 567 1173 617 μετ’
1213 568 1259 606 οὐ
1299 567 1424 607 πολύν
1452 567 1594 619 χρόνον

160 627 548 678 καταπολεμηθέντες
575 643 595 665 o
612 627 635 664 ὕ
651 643 676 678 χ
702 626 779 679 ὐφ’
806 626 892 667 evo*
910 643 926 673 ς
952 628 1216 666 δεσπότου
1244 645 1270 680 μ
1285 627 1414 676 όνον,
1457 629 1594 668 α’λλοί

161 689 488 744 τρζιάκοντα,
533 689 553 726 ὁ
595 689 626 725 δ’
666 690 830 735 ἐξαπα
846 689 1012 734 τήσας
1064 691 1130 728 καὶ
1182 689 1437 742 τῆνῗξγνώμην
1462 689 1594 743 gairnein

138 752 390 797 ,Καλλίξενος
418 748 533 795 εὐθύς
565 755 646 787 τοῦ
668 748 842 794 πλήθους
869 751 1277 802 μεταμεληθέντοςῖεἰς
1312 753 1456 801 αἰτίανι
1481 749 1596 796 ἦλθεν

161 815 210 859 ὥς
249 812 321 852 τὸν
361 813 481 862 δῆμον
520 811 758 856 ἐξηπατηκώς
784 814 897 859 κτλ).
945 813 1158 850 Universam
1193 817 1313 851 autem
1338 815 1444 852 huius
1469 826 1598 854 causae

166 877 407 916 narrationem
435 877 587 921 apparet
613 874 881 921 Theopompum
913 875 959 910 ad
995 875 1180 912 eonsilium
1217 889 1321 913 suum
1345 877 1383 912 in
1411 877 1466 914 his
1490 878 1598 914 rebus

161 938 356 988 scribendis
381 936 687 982 accommodasse;
716 947 795 971 eum
824 936 918 972 enim
948 938 1066 972 cetera
1093 937 1276 983 aptissime
1302 937 1334 973 ei
1358 938 1597 982 convenirent,

163 1001 291 1048 quibus
328 998 501 1045 populum
529 997 799 1034 Atheniensium
840 1000 923 1044 post
959 998 1185 1035 Alcibiadem
1239 999 1409 1036 reiectum
1451 1000 1599 1036 summis

168 1052 359 1099 sceleribus
383 1072 422 1097 se
449 1059 682 1096 adstrinxisse
708 1060 921 1103 ostenderet,
962 1059 1193 1096 Theramenis
1232 1061 1381 1106 perfidia
1422 1064 1458 1097 et
1496 1061 1599 1097 mali-

167 1123 286 1171 gnitas
312 1135 393 1159 eum
419 1122 558 1169 reliqua
584 1122 658 1158 eius
685 1122 902 1165 narratione,
945 1133 1020 1168 qua
1056 1122 1158 1158 illum
1192 1123 1326 1159 fecerat
1351 1123 1460 1160 fuisse
1485 1122 1600 1160 homi-

166 1198 247 1221 nem
286 1185 470 1231 praeelaro
509 1184 651 1232 ingenio
687 1184 892 1230 praeditum
939 1186 974 1219 et
1011 1184 1145 1230 optime
1180 1185 1223 1220 de
1260 1182 1382 1230 patria
1421 1185 1599 1229 meritum,

170 1259 241 1282 non
268 1246 357 1282 satis
383 1257 579 1293 congruere
618 1246 829 1282 videbatur:
870 1245 992 1292 itaque
1027 1246 1129 1281 illum
1168 1257 1275 1292 quam
1304 1247 1457 1282 maxime
1483 1245 1602 1293 potuit

168 1307 360 1345 excusavit.
414 1307 574 1344 Eandem
603 1308 650 1344 ob
678 1319 821 1344 causam
847 1306 884 1343 in
917 1307 984 1343 hae
1010 1308 1219 1344 narratione
1250 1308 1356 1353 eulpa
1383 1308 1523 1344 sceleris
1565 1307 1600 1342 in

166 1370 260 1406 solos
274 1370 499 1416 demagogos
523 1370 723 1405 confertur:
753 1381 861 1416 quam
876 1369 1008 1405 rectius
1031 1369 1186 1405 fortasse
1211 1370 1363 1405 fallaciis
1390 1370 1436 1405 ab
1451 1369 1604 1415 optima-

167 1431 258 1468 tium
284 1429 440 1475 faotione
467 1433 503 1467 et
529 1431 704 1477 imprimis
731 1431 777 1467 ab
803 1431 881 1478 ipso
905 1431 1124 1468 Theramene
1155 1431 1192 1467 in
1219 1432 1326 1468 duces
1351 1431 1432 1467 illos
1457 1430 1604 1467 intentis

167 1494 376 1530 attribueris
402 1494 459 1541 (de
487 1505 559 1539 qua
584 1506 623 1529 re
649 1493 831 1529 consentio
855 1505 935 1529 cum
960 1493 1132 1529 Herbstio
1158 1492 1195 1538 p.
1223 1494 1269 1531 5¹7
1298 1494 1381 1539 sq.).

257 1554 389 1590 ’Diod
403 1566 510 1590 orus
539 1566 568 1592 e.
597 1554 679 1598 104,
710 1555 727 1591 1
754 1556 898 1601 praeter
912 1555 1090 1591 Cononem
1117 1556 1233 1591 solum
1259 1555 1455 1591 Philoclem
1480 1554 1606 1590 ducem

175 1617 445 1653 Atheniensium
469 1617 606 1652 factum
624 1628 707 1652 esse
732 1616 830 1664 dicit,
858 1618 920 1663 qui
944 1618 1010 1653 soli
1034 1618 1072 1652 in
1097 1618 1147 1653 eis
1173 1629 1265 1663 quae
1283 1616 1482 1663 sequuntur
1513 1627 1607 1651 eom-

179 1680 432 1714 memorantur.
486 1678 684 1724 Xenophon
725 1678 753 1722 Ι,
789 1678 824 1722 7,
867 1681 887 1714 1
927 1690 1007 1714 eum
1055 1678 1195 1714 Conone
1230 1680 1266 1714 et
1302 1666 1475 1714 Philocle
1500 1675 1609 1713 etiam

176 1739 424 1788 Adimantum,
450 1741 558 1786 paulo
584 1742 667 1786 post
692 1740 753 1787 (II,
785 1741 817 1788 1,
846 1740 914 1789 16)
942 1731 1103 1787 Tydeum
1131 1740 1370 1776 Menandrum
1396 1738 1609 1785 Cephisodo-

174 1802 252 1835 tum
279 1802 385 1837 duces
413 1799 529 1837 factos
555 1801 682 1839 tradit.
734 1801 870 1837 Deinde
896 1813 989 1849 quae
1001 1802 1182 1838 Diodorus
1207 1803 1335 1837 narrat
1360 1801 1403 1836 de
1421 1799 1609 1847 Lysandro

164 1862 275 1910 ’(104,
302 1864 338 1902 2.
367 1863 416 1910 3),
447 1863 494 1899 ad
519 1864 669 1900 verbum
694 1864 830 1910 passim
855 1866 1058 1912 congruunt
1084 1876 1165 1900 eum
1190 1863 1426 1910 Xenophonte
1437 1862 1484 1907 Π,
1504 1865 1534 1905 1,
1555 1862 1609 1899 10.

175 1924 315 1960 Desunt
374 1926 561 1970 praeterea
617 1925 714 1970 apud
771 1925 1043 1972 Xenophontem
1100 1937 1192 1972 quae
1247 1925 1427 1961 Diodorus
1482 1924 1611 1958 narrat

179 1985 222 2020 de
260 1975 492 2032 optimatium
524 1986 673 2032 imperio
708 1986 824 2023 Mileti
862 1999 884 2023 a
918 1988 1105 2034 Lysandro
1139 1988 1306 2023 instituto
1342 1984 1443 2032 (104,
1478 1986 1514 2023 5.
1554 1981 1611 2032 6).

173 2046 264 2082 Tum
290 2059 357 2093 pro
384 2048 528 2091 Cedrea,
569 2059 679 2094 quam
712 2049 839 2084 urbem
864 2048 953 2088 Xen.
980 2048 1026 2093 Π,
1061 2049 1095 2096 1,
1124 2050 1169 2086 15
1209 2048 1463 2084 commemorat
1493 2056 1515 2081 a
1539 2044 1611 2091 Ly-

180 2109 312 2144 sandro
340 2111 582 2157 expugnatam
617 2120 711 2157 esse,
747 2109 927 2146 Diodorus
953 2110 1059 2146 affert
1083 2110 1215 2147 Iasum.
1265 2108 1365 2144 Idem
1404 2119 1434 2146 e.
1463 2107 1546 2150 104,
1587 2105 1610 2143 7

179 2169 281 2205 addit
311 2171 488 2217 quaedam
514 2171 557 2206 de
596 2171 671 2207 eius
709 2171 747 2205 in
773 2170 936 2207 Atticam
970 2171 1108 2215 itinere,
1145 2170 1245 2206 euius
1283 2168 1501 2205 mentionem
1540 2179 1613 2204 non

179 2229 264 2267 feeit
282 2231 503 2278 Xenophon;
531 2243 573 2267 ae
590 2231 811 2278 Theopompi
839 2232 984 2282 quidem
1006 2231 1250 2268 narrationem
1276 2231 1386 2267 etiam
1402 2222 1614 2276 ampliorem

177 2290 335 2329 Diodoro
359 2282 470 2329 'fuisse
496 2294 665 2339 apparet:
692 2293 722 2329 is
749 2293 843 2329 enim
869 2294 1062 2340 profitetur
1078 2304 1252 2339 exponere
1279 2304 1315 2328 se
1341 2292 1497 2328 noluisse
1522 2302 1615 2338 quae

177 2352 238 2390 ille
263 2354 300 2390 in
326 2355 393 2391 hoe
418 2355 546 2391 itinere
570 2354 730 2402 gesserit.
758 2352 863 2402 Quae
892 2355 1009 2401 eapite
1036 2357 1194 2391 extremo
1219 2354 1322 2390 addit
1347 2354 1390 2390 de
1416 2354 1615 2399 Lampsaco

180 2422 394 2467 expugnata,
428 2418 595 2453 accurate
621 2416 838 2454 conveniunt
862 2428 943 2454 eum
969 2407 1204 2464 Xenophonte
1229 2416 1275 2461 II,
1305 2417 1337 2463 1,
1369 2415 1426 2453 19.

1509 2486 1530 2518 4
