1755 2892
882 187 933 225 40

171 308 287 355 (velut
323 307 420 354 quod
446 306 627 343 multos
666 305 828 342 homines
867 307 903 341 et
936 315 1046 341 naves
1072 307 1199 351 captos
1226 317 1301 341 esse
1339 318 1373 344 v.
1409 305 1486 342 Alc.
1516 317 1545 340 c.
1577 297 1625 351 35

170 369 300 414 tradit,
337 380 404 416 pro
445 368 576 415 quibus
603 370 640 403 et
674 367 893 403 Plutarchus
932 379 966 405 v.
995 366 1078 411 Lys.
1107 368 1144 402 et
1183 364 1384 413 Xenophon
1420 366 1624 414 quindecim

170 442 280 467 naves
307 433 343 466 et
369 441 502 476 paucos
529 429 693 476 captivos
720 427 902 477 tradunt),
930 428 1102 464 maiorem
1128 429 1251 464 autem
1273 430 1415 475 partem
1442 440 1484 465 ex
1509 428 1624 465 Theo-

172 504 305 539 pompo
344 493 526 537 sumptam
554 502 629 527 esse
653 492 831 537 apparet.
884 489 972 527 Cum
999 490 1095 526 enim
1122 490 1159 525 in
1187 490 1316 526 ceteris
1343 490 1507 527 omnibus
1534 501 1627 537 quae

173 553 220 589 ad
247 553 476 589 Alcibiadem
513 553 665 599 imperio
693 552 869 588 deiectum
896 553 1061 597 spectant
1085 551 1303 586 Plutarchus
1343 553 1400 599 (ut
1435 551 1532 597 infra
1567 552 1626 588 de-

117 613 124 619 '
172 615 450 661 monstrabitur)
504 614 868 660 Theopompum
914 615 1056 649 secutus
1096 612 1161 656 sit,
1208 624 1264 648 ea
1310 613 1444 661 sola,
1498 624 1626 660 quae

174 675 349 712 eadem
375 676 426 712 in
466 676 568 721 Lys.
606 688 639 713 v.
667 674 928 717 narravit,
971 686 1024 710 ex
1060 673 1265 719 Ephoro
1315 673 1518 710 videtur
1559 675 1624 711 de—

113 750 115 757 ·
174 749 227 783 pr
240 748 260 773 o
271 748 340 782 mp
351 738 387 773 si
403 749 419 773 s
432 749 448 773 s
459 749 495 780 e;
515 737 685 784 quoniam
703 736 798 772 enim
817 735 874 771 bis
891 735 1014 770 eadem
1038 735 1069 770 ei
1089 734 1275 770 referenda
1300 736 1414 778 erant,
1432 733 1627 773 verisimile

174 800 230 835 est
254 810 347 842 eum,
386 811 429 835 ne
455 810 604 845 prorsus
631 798 774 835 diversa
799 797 894 833 inter
921 809 957 833 se
982 797 1167 849 traderet&
1191 798 1345 843 utroque
1372 797 1451 833 loco
1476 798 1623 834 eundem

174 861 358 895 auctorem
397 860 636 905 exscripsisse.
689 859 818 904 Itaque
859 858 978 893 omnia
1005 858 1094 893 satis
1120 858 1230 903 plana
1257 859 1374 905 erunt,
1404 853 1434 893 si
1459 858 1626 895 statueri-

173 932 253 957 mus
268 920 506 957 Plutarchum
533 921 587 957 ita
612 932 688 956 rem
715 919 924 963 instituisse,
953 921 995 955 ut
1021 920 1242 965 Theopompi
1269 920 1484 963 narrationi,
1516 932 1626 966 quam

174 983 365 1028 praecipue
390 983 427 1017 in
453 982 507 1017 his
539 980 718 1027 capitibus
745 983 891 1016 secutus
918 983 983 1023 est,
1012 991 1129 1027 pauca
1154 980 1217 1014 illa
1251 984 1285 1015 et
1314 980 1432 1016 minus
1460 982 1627 1017 accurate

175 1041 313 1089 scripta
340 1042 383 1078 de
410 1042 489 1089 ipsa
515 1053 637 1090 pugna
665 1054 706 1078 ex
733 1041 878 1088 Ephoro
907 1041 1075 1084 adiceret,
1117 1053 1223 1087 quem
1250 1041 1366 1077 solum
1400 1042 1566 1079 adhibuit
1591 1043 1628 1078 in

175 1104 292 1139 altera
318 1104 382 1138 illa
408 1104 565 1139 eiusdem
587 1115 730 1149 pugnae
756 1103 995 1148 descriptione
1025 1113 1117 1147 quae
1145 1104 1245 1136 extat
1264 1102 1310 1136 .in
1334 1102 1412 1137 vita
1437 1103 1627 1147 Lysandri.

177 1163 280 1205 Quod
306 1164 359 1199 ita
383 1175 420 1200 se
447 1163 579 1199 habere
595 1164 796 1199 luculenter
822 1163 1079 1209 comprobatur
1105 1174 1224 1199 errore
1246 1162 1413 1212 quodam,
1439 1163 1501 1212 qui
1528 1161 1627 1202 nullo

174 1225 282 1262 modo
308 1226 480 1272 explicari
505 1228 635 1272 potest,
664 1226 733 1262 nisi
759 1226 848 1261 duas
873 1226 955 1261 illas
981 1225 1173 1261 relationes
1200 1237 1222 1260 a
1248 1225 1443 1262 Plutarcho
1469 1226 1564 1262 inter
1590 1239 1627 1263 se

175 1287 307 1323 mixtas
335 1299 410 1322 esse
435 1287 682 1322 existimamus
722 1289 829 1333 (quae
862 1286 955 1322 enim
995 1286 1159 1322 Frickius
1193 1286 1235 1321 de
1273 1298 1314 1323 eo
1340 1287 1478 1333 profert
1503 1300 1538 1334 p.
1565 1288 1625 1333 83,

175 1348 235 1384 vix
271 1360 491 1396 quemquam
528 1348 676 1385 habebit
714 1348 1001 1394 adsentientem).
1055 1348 1271 1384 Plutarchus
1314 1349 1407 1385 enim
1443 1349 1510 1386 hoc
1548 1350 1626 1388 loco

176 1409 401 1445 Alcibiadem
426 1410 509 1445 dum
543 1422 666 1456 pugna
681 1410 778 1456 apud
792 1410 943 1445 Notium
969 1409 1012 1444 fit
1037 1408 1075 1443 in
1102 1409 1127 1445 C
1142 1409 1252 1444 aria
1279 1407 1387 1445 fuisse
1412 1413 1539 1447 auctor
1564 1413 1630 1455 est,

177 1471 284 1517 quod,
300 1470 471 1517 quoniam
487 1473 523 1506 et
539 1470 738 1517 Xenophon
752 1472 788 1506 et
806 1469 1023 1506 Plutarchus
1035 1470 1162 1516 v.Lys.
1190 1472 1312 1516 (quem
1335 1470 1518 1516 Ephorum
1535 1484 1633 1508 secu-

102 1536 109 1540 “
177 1534 256 1567 tum
281 1544 356 1574 esse
368 1532 561 1568 verisimile
588 1533 656 1577 est)
684 1532 729 1566 ad
755 1531 818 1566 Ph
832 1542 853 1566 0
868 1542 886 1566 c
896 1542 944 1566 ae
958 1542 1035 1574 am,
1063 1530 1244 1567 Diodorus
1266 1531 1341 1577 (qui
1359 1531 1632 1580 Theopompum

178 1592 361 1642 adhibuit)
414 1592 723 1630 Clazomenis
758 1604 839 1629 eum
880 1592 989 1629 fuisse
1026 1592 1197 1637 tradunt,
1236 1592 1326 1630 satis
1362 1593 1494 1630 mirum
1530 1597 1634 1641 esset,

178 1655 252 1691 nisi
286 1656 381 1701 apud
423 1656 623 1691 Diodorum
666 1667 684 1690 c
739 1655 787 1691 69
815 1654 1006 1689 memoriae
1048 1655 1234 1699 proditum
1274 1657 1366 1690 esset
1392 1656 1542 1692 etiam
1584 1657 1634 1692 in

181 1716 207 1753 C
225 1716 340 1753 aria
380 1728 485 1752 eum
521 1716 539 1752 f
548 1716 626 1753 uis
643 1728 710 1761 se,
753 1727 867 1762 neque
893 1717 1016 1751 tamen
1040 1715 1108 1752 hoc
1133 1715 1211 1762 ipso
1237 1717 1408 1763 tempore,
1437 1718 1499 1754 sed
1524 1718 1633 1764 paulo

182 1780 291 1815 antea
317 1778 368 1824 (in
397 1791 467 1823 quo
492 1778 602 1814 etiam
630 1778 667 1813 id
693 1778 866 1813 memoria
893 1778 1041 1824 dignum
1069 1781 1122 1813 est
1148 1769 1244 1825 quod
1266 1778 1368 1814 addit
1395 1778 1459 1813 καὶ
1488 1777 1635 1828 συχνοῖς

184 1837 371 1886 ὠφελείας
410 1834 566 1887 ἤθροισε
602 1836 702 1887 πρός
742 1834 815 1880 τοὶς
850 1841 929 1874 w'v
966 1841 1221 1887 στρ.ιτιωτοῖν
1259 1835 1495 1888 διατροφάς,
1535 1840 1631 1887 quod

184 1912 265 1937 cum
292 1911 335 1936 ea
361 1911 471 1946 quam
496 1900 713 1936 Plutarchus
747 1899 887 1946 profert
909 1899 1016 1935 huius
1042 1899 1182 1936 itineris
1210 1911 1319 1936 causa
1343 1901 1527 1947 aptissime
1552 1914 1636 1939 con—

184 1962 312 2006 venit).
365 1962 532 2008 Apparet
557 1962 671 2009 igitur
696 1961 933 1998 Plutarchum
958 1961 1026 1997 hoc
1060 1973 1101 1997 ex
1126 1961 1355 2008 Theopompo
1382 1964 1575 2011 sumpsisse
1599 1965 1635 2001 et

185 2035 343 2060 errorem
378 2023 454 2059 eius
493 2023 576 2059 inde
616 2025 741 2059 natum
783 2034 859 2059 esse
875 2051 883 2067 ‚
921 2023 1017 2069 quod
1050 2023 1117 2060 hoc
1156 2023 1235 2060 loco
1276 2024 1433 2060 diversas
1471 2025 1566 2061 inter
1598 2037 1635 2062 se

184 2084 322 2131 Ephori
361 2087 396 2120 et
434 2084 656 2131 Theopompi
692 2084 918 2120 narrationes
944 2084 1133 2128 misceret;
1174 2084 1212 2120 in
1251 2096 1322 2132 quo
1357 2085 1526 2122 facillime
1560 2086 1638 2124 fieri

184 2145 307 2193 potuit
333 2148 376 2182 ut
400 2146 562 2183 ordinem
588 2158 710 2183 rerum
735 2146 844 2192 paulo
870 2146 1114 2192 perturbaret.

288 2208 385 2243 Dio
402 2208 434 2245 d.
464 2208 564 2252 XIII,
592 2208 640 2245 72
667 2208 704 2243 in
728 2219 770 2243 ea
784 2207 1008 2253 expeditione
1024 2208 1236 2252 enarranda,
1265 2219 1373 2255 quam
1387 2208 1636 2258 Thrasybulus

189 2270 316 2306 contra
343 2266 503 2306 Thasum
530 2271 567 2306 et
592 2269 775 2306 Abderam
801 2270 897 2319 fecit,
918 2270 1042 2306 multis
1067 2271 1174 2306 rebus
1197 2270 1317 2306 differt
1344 2282 1366 2306 a
1390 2271 1637 2319 Xenophonte,

189 2331 251 2378 qui
277 2331 410 2367 similia
434 2333 564 2368 narrat
590 2342 619 2367 c.
648 2331 682 2369 4.
714 2333 748 2370 9.
802 2331 856 2366 Ea
896 2332 990 2367 enim
1023 2343 1132 2378 quam
1169 2331 1367 2377 Xenophon
1400 2332 1512 2369 refert
1537 2345 1640 2381 expe·
1703 2349 1705 2353 ’

190 2392 279 2428 ditio
303 2396 469 2438 suscepta
490 2394 544 2428 est
571 2404 643 2439 quo
670 2394 832 2438 tempore
845 2393 1052 2428 Alcibiades
1067 2392 1227 2429 Athenas
1252 2392 1435 2439 profectus
1461 2396 1525 2439 est,
1553 2397 1656 2434 teste'

188 2453 351 2490 Diodoro
378 2456 507 2490 contra
533 2454 621 2490 haec
637 2454 735 2490 facta
759 2457 844 2491 sunt
870 2451 970 2502 μετά
998 2452 1072 2491 τὸν
1095 2451 1246 2491 οἴκοθεν
1270 2452 1437 2491 ἔκπλουν
1466 2458 1509 2502 (c.
1528 2458 1588 2502 72,
1605 2459 1644 2506 2)
