1755 2892
874 142 924 183 27

173 270 432 319 repudiarunt:
460 259 560 308 cui'us
584 271 636 308 rei
662 274 789 319 postea
812 284 871 309 eos
895 271 1097 320 paenituit3
1124 284 1210 310 nam
1235 271 1378 310 blandis
1392 269 1616 310 orationibus

123 336 128 342 ‘
174 334 314 381 decepti
337 336 375 371 et
398 334 436 370 in
462 335 687 372 calamitates
713 336 824 372 delati
854 347 1042 382 nunquam
1062 347 1099 372 se
1122 338 1322 375 erexerunt.
1374 335 1474 371 Haec
1502 345 1616 381 quan-

172 398 297 443 topere
322 397 524 445 congruant
548 407 629 432 eum
654 396 684 432 Τ
697 396 752 433 he
765 396 958 443 opompi
985 408 1095 444 quam
1119 408 1230 444 supra
1255 395 1616 434 commemoravimus

173 456 351 494 sententia
374 469 447 494 non
471 469 561 503 opus
586 459 641 494 est
664 457 830 504 pluribus
852 470 1038 504 exponere.
1094 456 1200 506 Quae
1217 461 1394 506 quatenus
1419 470 1503 501 cum
1529 468 1614 494 vero

174 518 364 555 conveniat
397 518 457 554 vix
491 518 580 554 satis
614 518 709 554 clare
741 521 861 565 potest
901 519 1091 570 diiudicari
1129 519 1305 566 (Philoch.
1343 520 1387 555 fr.
1428 519 1512 557 117.
1543 519 1614 556 118

171 579 294 617 Muell.
329 580 445 616 tradit
484 579 784 616 Lacedaemonios
815 592 941 626 pacem
982 580 1164 626 petivisse,
1211 581 1446 617 Athenienses
1490 581 1613 616 autem

172 636 480 682 (ἐπιστήσαντας
517 652 589 675 non
626 641 809 685 probasse,
836 643 873 677 et
904 641 1159 687 cleophontem
1198 641 1386 687 quominus
1411 642 1613 688 acciperent

170 700 420 749 prohibuisse).
472 701 674 738 Grotius
699 701 797 749 (hist.
826 701 889 742 Gr.
917 702 988 741 vol.
1011 702 1099 738 VIII
1125 716 1160 750 p.
1184 701 1271 749 166)
1308 705 1351 740 ut
1377 703 1469 740 solet
1499 714 1614 750 popu-

170 764 247 809 lum
259 757 533 801 Atheniensium
558 776 580 799 a
594 764 745 800 Diodori
769 765 1096 811 vituperationibus
1118 765 1290 809 defendit;
1316 766 1415 812 quod
1432 777 1473 801 eo
1494 765 1614 812 magis

169 836 251 862 eum
272 826 361 872 puto
396 825 578 863 facturum
603 826 713 863 fuisse
739 826 770 864 si
804 828 991 875 cognosset
1025 828 1245 874 quantopere
1286 827 1352 864 hoc
1391 827 1469 864 loco
1494 826 1605 863 inter·

170 887 298 923 fuisset
321 888 396 923 eius
410 900 516 934 quem
529 889 710 925 Diodorus
725 890 869 924 secutus
888 891 943 924 est
968 888 1130 924 auctoris
1157 890 1198 936 „t
1210 900 1231 924 o
1256 890 1308 924 be
1334 901 1367 924 w
1380 888 1394 923 i
1407 900 1424 924 s
1438 900 1456 924 e
1482 900 1504 923 a
1516 888 1553 923 ft
1565 899 1612 923 er

170 947 251 984 the
289 948 392 986 fact
436 949 523 985 and
561 952 609 986 to
652 951 818 996 repeat
856 949 933 986 the
978 950 1123 986 ‘stock
1162 949 1209 986 of
1244 949 1612 986 denunciations

169 1010 371 1057 against
407 1022 466 1047 an
491 1011 678 1050 insane
702 1012 872 1058 people
896 1012 1068 1048 misled
1096 1012 1159 1059 by
1185 1023 1208 1047 a
1234 1012 1443 1057 corrupt
1468 1011 1612 1046 dema-

168 1083 193 1119 g
205 1083 226 1108 o
239 1083 264 1119 g
275 1084 301 1107 u
315 1075 370 1112 e.“

271 1133 356 1169 Jam
382 1134 625 1180 comparanda
651 1146 730 1170 cum
755 1134 811 1170 his
838 1136 922 1170 sunt
948 1146 1040 1181 quae
1067 1134 1364 1170 Plutarchus
1395 1134 1439 1170 de
1479 1134 1611 1170 eisdem

167 1195 275 1231 rebus
302 1197 440 1234 narrat.
490 1195 532 1233 Js
558 1195 652 1232 enim
685 1207 715 1232 c.
742 1196 789 1233 27
822 1195 978 1242 primum
1019 1186 1275 1233 commemorat
1311 1195 1536 1232 Alcibiadem
1572 1195 1611 1231 in

172 1253 385 1293 Cnidiorum
411 1259 447 1292 et
473 1246 627 1293 Goorum
651 1268 751 1293 mare
774 1255 976 1303 profectum
1002 1269 1097 1303 esse;
1125 1253 1222 1304 quod
1248 1256 1474 1303 Thucydides
1497 1256 1613 1292 tradit

168 1317 268 1362 vm,
306 1329 334 1356 c.
373 1318 457 1357 108.
516 1318 653 1355 Deinde
696 1318 734 1354 in
770 1329 893 1367 pugna
926 1318 1105 1366 Abydena
1145 1317 1379 1356 describenda
1417 1317 1612 1354 Plutarcho

171 1380 337 1417 convenit
378 1380 589 1427 plerumque
629 1392 711 1416 cum
748 1380 1005 1428 Xenophonte,
1048 1392 1161 1416 unum
1208 1376 1331 1416 tamen
1360 1380 1525 1415 additum
1560 1382 1614 1415 est

169 1441 329 1478 Diodoro
355 1441 481 1486 simile,
514 1453 733 1489 quamquam
759 1453 832 1479 non
867 1453 1015 1489 prorsus
1054 1442 1160 1481 idem.
1214 1441 1344 1478 Tradit
1382 1440 1478 1478 enim
1514 1440 1612 1477 Alci-

167 1504 285 1541 biadis
308 1504 466 1551 adventu
490 1515 638 1550 prorsus
672 1504 892 1540 contrarium
930 1505 963 1540 ei
989 1504 1086 1550 quod
1120 1503 1295 1541 voluisset
1322 1503 1487 1539 effectum
1512 1514 1609 1539 esse:

169 1554 259 1601 nam*
277 1567 313 1601 et
337 1564 614 1611 Peloponnesios
652 1564 811 1600 animum
837 1552 1010 1610 recepisse
1046 1566 1082 1600 et
1120 1564 1357 1600 Athenienses
1379 1564 1610 1610 perturbatos

169 1637 264 1670 csse,
292 1625 391 1675 *dum
425 1625 526 1673 signo
565 1626 611 1662 ab
650 1625 837 1662 Alcibiade
863 1626 1049 1672 proposito
1092 1627 1305 1673 cognossent
1342 1625 1411 1662 sibi
1436 1624 1611 1661 auxilium

170 1687 306 1725 venire.
359 1687 639 1723 Accuratissime
665 1698 747 1723 cum
773 1687 1009 1733 Xenophonte
1049 1686 1265 1723 conveniunt
1298 1698 1391 1733 quae
1415 1688 1612 1723 narrantur

169 1760 191 1786 a
217 1748 411 1785 Plutarcho
439 1748 482 1785 de
507 1739 695 1787 Alcibiade
721 1760 743 1786 a
770 1748 1006 1797 Tissapherne
1031 1750 1157 1796 capt03
1184 1760 1297 1785 unum
1322 1748 1420 1796 quod
1446 1748 1610 1786 additum

166 1813 221 1847 est
248 1811 291 1847 de
304 1811 542 1856 Tissapherne
556 1808 700 1858 (πάλαι
724 1815 844 1854 κακοῖς
871 1807 1019 1847 ἀκούων
1047 1808 1069 1846 ὁ
1096 1812 1214 1850 Τισσ.
1236 1838 1246 1849 .
1263 1838 1272 1849 .
1288 1838 1299 1849 .
1316 1840 1324 1850 .
1352 1810 1390 1846 ἐκ
1405 1808 1609 1859 βασιλέως)

167 1872 214 1909 ad
240 1884 283 1909 ea
308 1873 449 1920 spectat
474 1884 567 1919 quae
593 1873 775 1919 superiore
788 1872 906 1919 capite
922 1872 1231 1918 exeuntetradita
1256 1874 1352 1911 sunt.
1402 1872 1447 1908 In
1468 1883 1610 1919 pugnae

167 1934 359 1981 Cyzicenae
384 1934 621 1980 descriptione
647 1935 691 1981 (c.
720 1932 784 1980 28)
812 1947 893 1969 eum
917 1936 1035 1970 cetera
1060 1934 1107 1969 ad
1131 1934 1282 1970 verbum
1306 1934 1380 1970 fere
1405 1935 1607 1981 congruant

167 2007 249 2032 eum
263 1995 509 2041 Xenophonte,
536 1996 639 2032 dolus
664 1995 725 2031 ille
748 1995 950 2032 Alcibiadis
975 1995 1142 2032 similiter
1161 1997 1270 2042 atque
1296 1996 1393 2042 apud
1409 1995 1608 2032 Diodorum

166 2056 392 2095 describitur.
444 2056 650 2093 Alcibiades
677 2057 770 2093 enim
796 2057 1039 2104 quadraginta
1059 2057 1214 2094 navibus
1231 2059 1442 2103 praevectus
1466 2057 1606 2093 hostem

166 2118 293 2164 procul
319 2129 342 2154 a
366 2119 477 2164 portu
501 2118 618 2154 fertur
642 2118 818 2163 elicuisse,
858 2118 921 2165 qui
954 2119 1022 2155 ha‘c
1047 2118 1191 2156 ratione
1216 2119 1302 2154 dum
1325 2118 1501 2165 proelium
1526 2129 1606 2154 cum

109 2224 113 2228 .
170 2179 233 2217 illo
259 2179 328 2218 init
362 2191 385 2216 a
419 2180 546 2217 ceteris
582 2179 856 2217 Atheniensium
894 2181 1047 2218 navibus
1074 2181 1336 2217 circumventus
1360 2193 1436 2218 esse
1464 2180 1609 2219 dicitur.

167 2241 260 2278 Item
282 2253 363 2277 cum
377 2242 536 2278 Diodoro
564 2242 731 2289 cong'ruit
744 2243 841 2289 quod
862 2242 1121 2279 Pharnabazus
1136 2242 1296 2279 traditur
1322 2242 1456 2278 auxilio
1470 2242 1610 2279 venisse

166 2302 342 2339 Mindaro.
397 2303 637 2347 Quamobrem
670 2300 781 2351 Hug
819 2302 968 2352 (Jenaer
1009 2304 1083 2344 Lit.
1123 2304 1202 2351 Ztg.
1232 2303 1340 2342 1874.
1372 2303 1442 2343 Nr.
1465 2304 1529 2350 41)
1571 2305 1609 2340 et

167 2364 557 2415 Buchsenschfltz
606 2365 857 2412 (Fleckeisen's
900 2366 1145 2410 Jahrbucher‚
1193 2365 1280 2413 103,
1319 2378 1356 2412 p.
1393 2366 1481 2403 218.
1522 2364 1605 2409 105,

165 2437 199 2472 p,
227 2425 319 2476 727)
356 2428 524 2464 statuunt
561 2427 798 2465 Plutarchum
834 2428 1079 2466 narrationem
1112 2439 1215 2465 suam
1260 2427 1526 2475 conglutinasse
1566 2438 1608 2463 ex
