1755 2892
846 175 897 214 39

116 288 414 341 -πραγίαν....
440 272 766 336 Ἀ’λκιβιοίδης
792 287 894 325 ἀπὸ
924 296 1009 333 τῆς
1034 295 1190 340 φυγῆς
1229 288 1449 333 ἐπιστάς
1476 295 1596 332 τοῖς

156 349 423 402 πράγμασι
459 346 678 397 μεγάλην
705 348 997 398 μεταβολήν
1035 350 1242 394 ἐποίησε
1276 350 1342 386 καὶ
1375 349 1595 393 κατέστησε

156 409 253 455 τούς
275 408 483 454 ναυτικοῦς
510 409 661 458 ἀγῶνας
690 411 740 453 εἰς
767 408 990 449 ἀντίπαλον
1017 410 1183 462 αὐτοῖς).
1226 413 1314 449 Inde
1342 424 1435 460 quae
1460 424 1595 449 memo-

155 474 230 511 riae
254 473 416 520 prodidit
454 474 497 509 de
531 473 580 509 eis
620 485 712 519 quae
751 472 884 519 Ephesi
918 466 1069 520 gesserit
1093 474 1290 521 Lysander,
1317 475 1455 520 pariter
1483 477 1594 521 atque

155 547 197 573 ea
221 546 314 583 quae
340 546 369 574 c.
399 536 420 573 5
461 535 505 571 de
532 535 672 581 Epheso
695 535 893 573 traduntur
920 534 1053 572 similia
1078 536 1237 574 Diodoro
1263 548 1294 576 c.
1322 537 1382 581 70,
1410 536 1445 587 4,
1473 536 1588 573 eidem

154 597 293 634 auctori
317 597 486 633 videntur
515 608 590 633 esse
614 597 842 633 vindicanda.
880 597 916 636 O.
942 597 967 633 4
1013 600 1135 634 autem
1172 610 1264 644 quae
1291 600 1517 644 exponuntur
1544 598 1588 633 de

153 659 204 696 eis
241 669 333 706 quae
368 658 556 705 Lysander
592 670 673 695 cum
718 659 813 708 Cyro
841 659 971 706 egerit,
1012 659 1194 696 simillima
1231 662 1316 697 sunt
1348 659 1589 707 Xenophonti,

154 732 176 756 a
201 731 272 767 quo
296 720 439 767 longius
464 720 531 756 hoc
545 746 551 749 -
565 720 643 756 loco
670 720 804 756 recedit
829 720 1020 765 Diodorus,
1057 723 1093 757 et
1124 733 1224 768 quae
1255 722 1471 758 Plutarchus
1500 722 1590 758 dicit

154 783 197 818 de
221 782 457 828 Tissapherne
484 792 506 817 a
531 781 719 828 Lysandro
751 783 933 825 accusatO,
971 783 1055 835 apte
1080 785 1283 830 congruunt
1311 773 1391 819 cum
1419 783 1468 819 eis
1496 794 1591 829 quae

121 874 124 876 Α
153 857 188 883 v,
214 843 294 882 Alc.
321 855 352 882 c.
379 844 426 880 25
455 843 503 879 in.
530 855 560 880 ο,
589 844 636 881 26
651 846 718 880 'ex.
747 855 777 880 c.
803 844 851 881 27
880 855 931 879 ex.
961 844 1004 879 de
1030 844 1267 891 Tissapherne
1292 847 1501 890 narrantur,
1546 855 1589 880 ea

152 917 244 953 quae
283 905 330 941 ad
368 905 553 951 Ephorum
595 905 796 941 referenda·
821 917 896 941 esse
935 916 1045 951 supra
1085 906 1261 951 diximus3
1294 908 1484 953 praeterea
1518 905 1591 942 alia

153 968 275 1005 insunt
310 967 349 1003 in
371 967 439 1003 hoc
474 967 592 1014 capite
618 979 709 1014 quae
747 979 819 1004 non
844 967 1074 1010 inveniantur
1100 969 1196 1013 apud
1220 969 1519 1015 Xenophontem:
1547 979 1589 1004 ex

154 1028 299 1076 Ephoro
322 1028 437 1076 igitur
463 1028 550 1065 haec
578 1029 743 1066 derivata
768 1041 843 1066 esse
869 1030 1169 1067 verisimillimum
1200 1033 1265 1069 est.
1318 1030 1483 1067 Ceterum
1509 1041 1591 1066 cum

155 1091 314 1127 Diodoro
338 1090 556 1127 Plutarchus
582 1102 623 1126 eo
657 1091 834 1127 consentit
872 1092 969 1139 quod
1010 1092 1130 1128 decem
1156 1093 1257 1128 milia
1287 1092 1490 1129 daricorum
1516 1091 1590 1141 Ly-

152 1152 282 1188 sandro
309 1164 331 1187 a
357 1152 450 1198 Cyro
480 1153 567 1188 data
593 1164 668 1188 esse
694 1154 821 1188 auctor
847 1155 913 1189 est.
965 1154 1086 1189 Etiam
1111 1166 1142 1193 c.
1171 1155 1193 1190 5
1228 1153 1444 1189 Plutarchus
1474 1153 1512 1188 in
1540 1152 1591 1188 eis

153 1210 283 1263 quibus
308 1213 490 1250 Diodorus
518 1225 540 1249 a
564 1213 800 1259 Xenophonte
824 1214 992 1251 dissentit
1022 1215 1189 1262 congruit
1227 1226 1308 1250 cum
1344 1214 1590 1260 Xenophonte,

153 1274 252 1310 cuius
286 1274 488 1310 narrationi
524 1285 704 1320 perpauca
738 1275 902 1319 addidit3
938 1287 980 1311 ea
1015 1276 1129 1322 igitur
1168 1287 1261 1322 quae
1304 1276 1348 1311 de
1385 1286 1508 1321 pugna
1542 1274 1589 1310 ad

151 1335 301 1372 Notium
325 1335 426 1374 facta
450 1335 518 1372 hoc
542 1335 659 1382 capite
685 1336 882 1373 traduntur
910 1349 952 1374 ex
972 1337 1118 1384 Ephoro
1143 1339 1290 1384 sumpta
1318 1349 1393 1374 esse
1419 1336 1589 1383 proclivis

151 1399 206 1433 est
231 1397 447 1436 coniectura.
499 1397 542 1432 In
567 1398 683 1433 altera
708 1397 895 1434 Plutarchi
929 1399 1139 1435 narratione
1165 1411 1200 1437 v.
1227 1398 1319 1436 Alc.
1345 1409 1374 1434 c.
1402 1398 1456 1435 35
1484 1397 1588 1434 initio

152 1469 232 1494 cum
275 1471 309 1496 v.
345 1458 448 1505 Lys⁰>
470 1460 507 1494 et
544 1458 782 1504 Xenophonte
797 1486 806 1503 ,
847 1470 919 1496 non
954 1471 1035 1496 cum
1069 1459 1231 1496 Diodoro
1273 1459 1449 1507 convenit,
1492 1458 1590 1506 quod

151 1521 324 1566 quattuor
359 1520 455 1556 oboli
488 1533 554 1566 pro
593 1520 711 1556 tribus
750 1521 871 1557 nautis
914 1533 936 1557 a
964 1522 1152 1568 Lysandro
1191 1521 1267 1556 dati
1294 1533 1370 1557 esse
1396 1521 1588 1564 dicuntur;

151 1580 213 1616 sed
248 1582 285 1616 et
331 1581 428 1628 quod
469 1581 577 1627 paulo
618 1582 702 1617 ante
739 1582 899 1617 traditur
936 1581 1107 1628 pecuniae
1156 1582 1282 1627 inopia
1326 1584 1472 1619 coactus
1512 1593 1587 1618 esse

150 1637 339 1685 πολλάκις
366 1639 530 1678 ἐκπλέων
568 1641 633 1678 καὶ
659 1640 885 1680 ἀπολείπων
924 1640 974 1679 τὸ
1011 1642 1291 1692 στρατόπεδον
1326 1641 1490 1686 μισθούς
1524 1641 1590 1678 καὶ

151 1699 305 1752 τροφοῖς
330 1702 509 1751 πυρίξειν,
537 1706 573 1739 et
599 1704 695 1750 quod
722 1704 781 1739 ad
806 1705 1066 1749 pecuniam
1099 1704 1485 1749 comparandam
1509 1705 1589 1739 tum

147 1763 185 1799 in
211 1763 354 1801 Cariam
393 1764 577 1811 profectus
614 1776 689 1801 esse
725 1764 867 1809 dicitur,
908 1766 956 1802 ad
978 1766 1080 1802 illam
1106 1765 1328 1812 Theopompi
1371 1765 1588 1802 sententiam

149 1828 305 1871 speetat3
342 1838 433 1873 quae
471 1826 545 1862 iam
570 1827 711 1872 saepius
751 1828 923 1871 occurrit,
960 1839 1033 1873 qua
1069 1820 1176 1863 duces
1213 1827 1256 1863 de
1293 1827 1343 1862 eis
1369 1838 1462 1872 quae
1487 1827 1537 1862 eis
1564 1837 1587 1861 a

127 1887 281 1933 <populo
308 1887 449 1923 crimini
474 1888 656 1924 dabantur
690 1900 859 1925 excusare
892 1888 1045 1927 studuit.
1097 1888 1141 1923 In
1176 1889 1256 1934 ipsa
1290 1900 1414 1935 pugna
1457 1887 1588 1924 descri-

150 1946 269 1984 benda
310 1949 369 1984 hic
410 1949 599 1985 Plutarchi
634 1950 736 1986 locus
778 1950 825 1985 ad
866 1950 1017 1986 verbum
1055 1949 1221 1995 congruit
1253 1961 1335 1985 cum
1371 1949 1487 1985 altera
1525 1948 1591 1984 ina

152 2010 360 2047 narratione
385 2010 423 2046 in
445 2010 523 2047 vita
549 2010 749 2061 Lysandri,
791 2023 872 2047 cum
898 2011 1079 2047 Diodorus
1116 2010 1300 2047 nonnullis
1331 2010 1438 2047 rebus
1473 2010 1520 2046 ab
1546 2021 1589 2047 ea

151 2070 338 2119 discrepet.
391 2073 526 2109 Tamen
558 2084 639 2108 cum
676 2073 836 2110 Diodoro
877 2073 1055 2115 consentit
1093 2073 1190 2119 quod
1220 2072 1420 2108 Antiochus
1451 2070 1528 2117 ipse
1550 2072 1589 2108 in

149 2136 271 2180 pugna
314 2134 462 2181 periisse
500 2135 671 2178 traditur,
708 2135 865 2182 itemque
905 2135 1003 2181 quod
1037 2134 1209 2181 sequitur,
1249 2133 1473 2171 Alcibiadem
1509 2145 1590 2170 cum

115 2233 119 2236 ,
150 2194 284 2231 exitum
308 2208 451 2244 pugnae
476 2197 706 2243 comperisset
719 2197 846 2233 statim
872 2196 1019 2233 Samum
1042 2186 1223 2233 reversum
1240 2196 1360 2232 hostes
1387 2195 1436 2231 ad
1457 2206 1590 2232 novam

148 2267 306 2305 pugnam
342 2270 573 2305 provocasse,
607 2258 836 2305 Lysandrum
871 2251 993 2294 autem
1022 2258 1175 2295 victoria
1207 2268 1273 2293 sua
1311 2258 1519 2293 contentum
1545 2268 1589 2294 ex

148 2321 258 2363 portu
281 2331 354 2355 non
378 2320 565 2366 prodiisse.
618 2320 672 2356 Ea
694 2320 808 2367 igitur
843 2321 973 2367 quibus
999 2320 1087 2354 haec
1112 2318 1300 2354 Plutarchi
1325 2318 1489 2355 narratio
1516 2319 1589 2356 dis-

150 2382 273 2426 crepat
299 2381 345 2417 ab
370 2381 486 2417 altera
518 2381 582 2417 illa
608 2392 699 2429 quae
726 2383 826 2417 extat
858 2381 896 2416 in
924 2393 958 2419 v.
984 2380 1082 2427 Lya,
1119 2391 1200 2416 cum
1238 2391 1311 2427 qua
1343 2379 1382 2416 in
1407 2380 1588 2428 plerisque

149 2441 196 2478 ad
219 2443 369 2481 verbum
395 2436 571 2492 congruit,
607 2455 649 2480 ex
673 2445 780 2491 parte
806 2443 951 2491 quidem
975 2442 1203 2491 neglegentia
1227 2444 1310 2481 orta
1335 2454 1411 2480 esse
1435 2445 1588 2491 possunt
