1755 2892
891 148 941 192 48

185 278 230 319 de
255 271 442 319 servandis
469 278 520 318 eis
540 281 602 329 qui
623 279 811 319 etiamtum
834 281 1006 325 viverent,
1034 280 1097 317 sed
1122 280 1165 317 de
1181 281 1407 317 mortuorum
1426 275 1639 328 corporibus
1663 309 1674 316 .

188 344 415 392 sepeliendis.
468 343 594 379 cetera
621 356 714 389 quae
754 344 819 379 hoc
845 343 963 389 capite
989 345 1186 378 narrantur
1214 343 1260 378 ad
1295 343 1446 378 verbum
1476 354 1639 379 nonnun-

184 416 294 452 quam
321 406 525 453 congruunt
550 416 632 440 cum
658 404 906 451 Xenophonte,
958 404 1000 440 In
1026 403 1150 450 paucis
1189 403 1239 441 eis
1269 400 1402 451 quibus
1439 403 1561 441 differt
1587 404 1635 441 ab

183 479 224 503 oo
263 466 576 502 Plutarchus
613 466 699 514 Lys.
739 478 767 503 c.
806 468 840 511 7,
892 466 1012 517 magis
1050 466 1217 502 convenit
1262 478 1344 502 cum
1385 462 1635 511 Xenophonte,

183 527 368 574 Ephorum
394 527 508 575 igitur
533 539 614 564 eum
643 528 752 564 etiam
784 527 821 562 in
846 527 901 564 his
937 529 1100 564 secutum
1126 538 1202 563 esse
1227 527 1317 563 satis
1340 527 1529 574 probabile
1555 522 1634 571 δεῖς
1686 559 1695 564 .

182 592 305 626 tamen
331 601 424 636 quae
454 591 607 625 exeunte
633 591 701 628 c.·'7
730 592 927 625 narrantur
955 590 998 625 de
1020 588 1253 625 Callicratide.
1279 591 1316 625 et
1336 588 1533 636 Lysandro,
1557 590 1636 625 tam
1693 605 1699 610 ·

183 653 352 687 accurate
379 650 608 687 consentiunt
631 661 711 686 cum
738 661 769 688 c.
795 653 816 688 5
844 653 946 695 extr„
975 653 1017 687 ut
1042 650 1129 686 haec
1143 641 1269 686 rursus
1295 650 1342 686 ad
1361 650 1631 697 Theopompum

182 712 371 748 referenda
398 723 473 748 esse
500 711 693 748 verisimile
719 711 779 747 sit.
1641 723 1645 726 >

280 773 323 809 In
348 774 398 809 eis
443 773 574 820 quibus
614 773 657 809 de
696 773 846 809 ducibus
889 773 1162 809 Atheniensium
1201 774 1239 809 in
1281 773 1454 809 iudicium
1495 772 1632 809 vocatis

179 834 312 882 agitur,
350 834 600 871 Diodorus
632 834 731 878 XIII,
773 835 839 871 101
864 834 968 871 ---103
1010 846 1050 870 eo
1089 834 1280 881 praecipue
1315 835 1436 870 differt
1460 834 1625 871 aXeno·

178 895 313 942 phonte
351 895 379 940 Ι,
420 897 460 940 ’7,
500 895 597 943 quod
632 895 865 931 Theramenis
907 895 1066 939 malitia,
1111 907 1222 943 quam
1260 895 1458 942 Xenophon
1501 897 1626 942 aperte

180 957 326 1000 detexit,
361 957 458 1002 apud
484 957 683 992 Diodorum
709 968 818 1002 quam
845 956 999 991 maxime
1026 957 1243 995 occulta-tur.
1293 957 1403 992 Velut
1429 958 1553 992 statim
1579 956 1626 992 ab

147 1014 150 1016 Δ
180 1018 284 1055 initio
321 1018 438 1054 tradit
462 1018 569 1054 duces
597 1020 793 1064 antequam
833 1017 993 1053 accusati
1032 1019 1150 1054 essent
1191 1015 1325 1053 litteris
1368 1017 1415 1053 ad
1453 1014 1627 1063 populum

180 1079 299 1116 missis
334 1080 480 1126 culpam
515 1079 612 1115 illius
650 1078 871 1115 calamitatis
911 1078 949 1114 in
988 1078 1245 1114 Theramenem
1286 1080 1322 1115 et
1360 1078 1629 1125 Thrasybulum

181 1138 390 1177 contulisse:
429 1152 502 1188 qua
528 1152 567 1176 re
594 1152 653 1176 eos
679 1152 751 1176 non
778 1140 887 1177 modo
916 1140 952 1175 in
980 1151 1103 1175 eorum
1129 1140 1292 1186 ipsorum
1331 1140 1477 1186 (quibus
1504 1138 1627 1175 amicis

180 1203 236 1239 uti
268 1204 471 1248 poterant),
518 1202 580 1239 sed
620 1202 727 1238 etiam
772 1202 809 1237 in
841 1202 942 1249 vulgi
977 1202 1150 1238 invidiam
1186 1202 1399 1245 incurrisse;
1434 1203 1628 1248 postquam

179 1264 275 1299 enim
299 1263 538 1298 Theramenes
564 1264 601 1298 et
631 1262 881 1308 Thrasybulus
908 1263 954 1297 ab
976 1263 1048 1298 illis
1077 1263 1285 1299 criminibus
1312 1274 1349 1299 se
1372 1262 1626 1305 defendissent,

179 1321 315 1360 factum
341 1335 417 1359 esse
443 1326 486 1359 ut
510 1323 698 1360 hominum
726 1323 783 1359 ira
817 1335 857 1359 eo
881 1324 997 1371 magis
1023 1324 1061 1360 in
1084 1325 1165 1361 illos
1193 1336 1230 1360 se
1256 1325 1490 1361 converteret.
1547 1323 1626 1367 Qua

178 1398 217 1422 re
244 1386 483 1421 Theramenes
507 1396 621 1431 paene
656 1383 820 1421 excusari
846 1385 1001 1433 videtur,
1028 1386 1126 1432 quod
1149 1388 1299 1432 propter
1326 1385 1456 1421 falsam
1482 1384 1628 1420 illorum

180 1444 466 1484 criminationem
494 1445 551 1482 ira
575 1446 740 1483 incensus
772 1446 850 1497 ipse
888 1449 1138 1484 accusatorum
1174 1458 1323 1484 numero
1351 1458 1387 1483 se
1415 1438 1629 1484 adiunxerit.

181 1509 320 1546 Deinde
347 1520 426 1545 cum
454 1508 655 1558 Xenophon
681 1509 724 1556 (Ι,
753 1510 787 1555 7,
816 1510 855 1554 8)
894 1509 1021 1545 tradat
1048 1509 1314 1552 Theramenem,
1342 1520 1424 1544 cum
1450 1507 1631 1554 Apaturia

180 1572 386 1618 agerentur,
423 1569 584 1606 homines
621 1570 712 1605 vesti
747 1570 895 1616 lugubri
932 1572 968 1606 et
1000 1570 1116 1606 tonsis
1149 1570 1289 1616 capillis
1316 1569 1542 1612 subornasse,
1567 1568 1630 1615 qui

181 1632 217 1668 in
244 1632 447 1668 contionem
472 1631 636 1668 venirent
663 1637 699 1667 et
723 1643 761 1667 se
787 1633 1014 1668 mortuorum
1046 1629 1191 1668 illorum
1216 1634 1388 1679 cognatos
1416 1643 1491 1668 esse
1518 1630 1628 1667 simu-

178 1693 307 1736 larent,
339 1692 519 1727 Diodorus
553 1703 683 1727 revera
717 1689 890 1738 cognatos
931 1704 1053 1728 eorum
1094 1693 1233 1728 venisse
1269 1694 1396 1728 narrat
1436 1693 1536 1738 (101,
1575 1692 1626 1737 6).

176 1753 334 1790 Nomina
359 1765 502 1789 reorum
531 1753 629 1799 apud
655 1753 855 1789 Diodorum
884 1751 989 1800 (101,
1013 1753 1053 1802 5)
1081 1766 1152 1790 non
1178 1755 1275 1790 recte
1301 1753 1515 1797 affer-iatum
1541 1764 1627 1789 nam

176 1817 214 1850 et
238 1814 408 1850 Calliadis
434 1826 564 1849 nomen
589 1825 737 1859 prorsus
761 1814 893 1849 falsum
921 1817 975 1849 est
1001 1817 1038 1849 et
1053 1814 1281 1851 Erasinidem
1297 1815 1429 1857 omisit,
1467 1814 1626 1860 itemque

173 1874 241 1912 hoc
265 1874 411 1922 quidem
433 1874 511 1911 loco
528 1874 815 1923 Diomedontem,
842 1886 948 1921 quem
958 1876 1081 1912 tamen
1102 1878 1229 1922 postea
1242 1877 1427 1923 nuncupat
1452 1873 1556 1926 (102,
1575 1876 1624 1922 l).

172 1937 310 1973 Deinde
336 1936 589 1983 Theopompus
616 1937 653 1972 in
699 1948 739 1972 eo
781 1937 1023 1983 cognoscitur,
1064 1938 1160 1984 quod
1198 1938 1285 1973 haec
1323 1937 1486 1973 narratio
1511 1948 1624 1983 quam

172 1997 328 2033 maxime
352 1997 390 2032 in
437 1997 562 2043 populi
602 2000 638 2033 et
677 1997 964 2045 demagogorum
1006 1999 1309 2045 vituperationem
1344 2010 1517 2036 conversa
1557 2000 1623 2035 est.

173 2059 287 2095 Velut
312 2059 494 2095 Diodorus
521 2070 556 2099 c„
584 2060 666 2101 101,
684 2060 706 2096 6
733 2059 849 2095 tradit
874 2059 1004 2107 vulgus
1029 2060 1299 2097 accusatoribus
1325 2059 1389 2095 καὶ
1416 2065 1501 2101 τιιῖς
1528 2055 1623 2107 πρός

173 2117 287 2168 χάριν
307 2118 589 2173 δημηχοροὺσιν
615 2131 719 2155 aures
742 2120 893 2168 dedisse,
921 2124 1047 2157 contra
1072 2123 1151 2158 roes
1176 2121 1367 2168 quominus
1392 2121 1625 2167 loquerentur

169 2180 378 2218 inhibuisse.
433 2180 581 2233 Deinde¹
610 2180 752 2216 actione
787 2181 868 2227 ipsa
918 2182 1127 2219 brevissime
1174 2184 1326 2218 narrata
1374 2181 1623 2218 Diomedontis

172 2241 377 2279 constantia
415 2253 526 2288 quam
556 2242 722 2278 maximis
761 2242 929 2279 laudibus
963 2244 1126 2287 effertur,
1166 2244 1228 2290 qui
1260 2241 1435 2279 iniustam
1467 2245 1622 2279 mortem

170 2304 399 2350 oppetiturus
425 2303 515 2338 nihil
542 2303 636 2339 cives
660 2304 805 2350 rogavit
835 2304 904 2340 nisi
937 2307 978 2339 ut
1002 2306 1089 2340 vota
1115 2316 1181 2350 pro
1207 2304 1349 2349 patriae
1374 2304 1493 2340 salute
1518 2305 1619 2340 facta

171 2364 418 2401 exsolverent:
456 2376 530 2411 quo
572 2364 683 2399 etiam
721 2365 837 2412 magis
873 2365 1103 2401 manifestum
1130 2365 1173 2401 fit
1199 2365 1314 2412 plebis
1340 2365 1482 2413 vitium,
1524 2366 1621 2412 quod

169 2428 346 2473 quantum
363 2423 474 2462 fuerit
494 2428 585 2465 extr.
603 2437 634 2463 c.
653 2426 725 2463 102
739 2426 904 2472 pluribus
927 2426 1119 2472 exponitur
1136 2420 1254 2474 (οὕτω
1274 2425 1306 2462 δ’
1331 2424 1352 2463 ὁ
1370 2426 1489 2476 δῆμος
1504 2426 1619 2476 κτλ.).
