1755 2892
869 172 921 215 46

280 300 438 338 Nomina
461 301 582 339 decem
609 296 774 351 illorum,
815 303 878 350 qui
915 305 998 349 post
1022 301 1248 339 Alcibiadem
1275 293 1382 339 duces
1417 298 1506 338 facti
1541 302 1628 338 sunt

180 365 227 400 ab
255 365 545 408 Atheniensibus,
586 366 731 411 prolata
766 378 787 401 a
814 365 974 401 Diodoro
1015 364 1114 408 XIII,
1157 365 1207 401 ‘74
1238 366 1316 400 tam
1350 366 1517 400 accurate
1547 364 1626 409 ipso

177 426 302 461 ordine
328 428 472 461 servato
499 428 704 472 congruunt
731 437 814 462 oum
848 425 1094 471 Xenophonte,
1133 426 1175 460 ut
1213 425 1451 476 certissimum
1489 424 1539 460 sit
1559 424 1627 461 hoc

176 487 254 522 loco
281 486 551 532 Theopompum
592 487 829 533 Xenophonte
863 498 968 522 usum
1007 498 1083 522 esse
1123 490 1280 523 auctore.
1326 486 1484 525 *Tamen
1513 496 1634 520 unum-

178 550 233 583 est
259 559 330 593 quo
362 548 544 583 Diodorus
572 548 716 583 differat
744 549 790 583 ab
818 560 871 585 eo.
924 547 1123 593 Xenophon
1149 547 1243 582 enim
1269 547 1297 591 I,
1327 549 1361 589 5,
1398 548 1441 584 16
1469 546 1625 583 secundo

176 609 255 645 loeo
283 609 387 645 affert
414 609 699 652 Diomedontem,
728 609 838 645 tertio
866 609 1049 655 Leontem,
1077 609 1258 645 Diodorus
1283 608 1439 644 secundo
1465 608 1625 660 Lysiam,

176 671 286 706 tertio
323 672 612 709 Diomedontem.
684 671 753 706 Sed
793 671 860 706 hoc
894 671 1015 716 ipsum
1051 671 1230 717 quomodo
1264 670 1402 705 factum
1435 670 1484 706 sit
1520 669 1625 705 facile

168 732 410 780 intellegitur,
437 733 467 768 si
495 733 689 784 statuimus
718 732 989 778 Theopompum
1025 732 1092 768 hoc
1117 732 1196 768 loco
1223 731 1496 778 Xenophontem
1523 730 1624 767 adhi-

176 794 307 829 buisse.
363 795 474 840 Apud
498 795 774 840 Xenophontem
800 794 895 829 enim
923 805 1053 830 nomen
1079 793 1226 830 Leontis
1252 805 1373 830 errore
1398 794 1526 829 natum
1550 803 1625 829 esse

176 855 291 891 videri
316 857 471 900 poterat,
510 855 596 901 quia
622 856 665 890 de
705 856 840 890 Leonte
878 858 1024 900 praeter
1049 855 1143 890 huno
1178 855 1297 891 locum
1327 854 1418 890 nihil
1451 854 1625 901 traditur,

177 917 307 962 Lysias
334 919 471 959 contra,
501 916 601 952 euius
630 919 739 952 antea
766 917 900 952 mentio
924 928 997 952 non
1034 916 1191 959 inicitur,
1226 915 1265 951 in
1302 916 1434 952 ducum
1472 926 1622 951 numero

177 978 332 1013 habetur
359 978 386 1020 Ι,
415 979 448 1021 6,
483 978 543 1015 30.
567 964 605 1020 ‘'7,
635 979 680 1020 23
721 978 972 1023 Theopompus
997 977 1113 1024 igitur
1139 989 1220 1013 cum
1246 977 1284 1012 id
1311 976 1626 1013 animadvertisset

178 1038 308 1084 Lysiae
347 1050 476 1073 nomen
512 1038 638 1074 statim
681 1038 727 1073 ab
766 1038 870 1074 initio
909 1050 976 1083 pro
1021 1038 1155 1074 Leonte
1193 1038 1353 1083 posuisse
1396 1038 1540 1074 videtur
1583 1040 1625 1074 ut

115 1123 119 1130 ·
178 1100 299 1145 aptius
325 1111 381 1135 res
409 1100 504 1135 inter
527 1111 563 1135 se
582 1099 823 1136 convenirent.
874 1100 1050 1135 Attamen
1072 1099 1303 1135 Herbstio
1327 1099 1354 1143 ¹)
1380 1099 1411 1134 si
1434 1098 1623 1146 credimus,

177 1172 250 1196 non
290 1161 437 1196 Leontis
476 1161 538 1196 sed
577 1160 807 1196 Archestrati
832 1160 923 1206 loco,
964 1172 1044 1196 cum
1079 1160 1109 1195 is
1143 1162 1307 1196 mortuus
1349 1161 1454 1206 esset,
1495 1160 1624 1206 Lysias

179 1222 251 1256 dux
276 1222 394 1257 factus
419 1223 499 1259 est:
527 1232 598 1267 quo
626 1222 884 1267 comprobatur
899 1220 1146 1267 Xenophontis
1172 1221 1290 1257 locum
1315 1223 1411 1257 recte
1426 1232 1463 1258 se
1479 1221 1622 1269 habere,

179 1283 451 1329 Theopompum
488 1285 630 1326 tamen,
683 1295 783 1318 cum
818 1283 915 1319 illo
963 1295 1060 1318 uno
1117 1285 1335 1319 auctore
1372 1285 1622 1326 uteretur,

178 1356 303 1380 veram
329 1356 475 1380 oausam
511 1344 736 1380 difficultatis
768 1345 876 1388 illius,
921 1356 1014 1391 quae
1048 1344 1168 1380 verbis
1203 1344 1278 1381 eius
1315 1344 1460 1380 videtur
1498 1344 1623 1397 inesse‚

178 1418 251 1442 non
278 1406 501 1452 perspexisse
541 1406 643 1452 eique
682 1406 774 1442 falso
810 1406 864 1441 ita
904 1409 1073 1442 conatum
1114 1418 1189 1442 esse
1234 1406 1379 1449 mederi,
1419 1408 1461 1441 ut
1495 1406 1625 1452 Lysiae

179 1479 309 1503 nomen
334 1480 401 1513 pro
428 1467 564 1503 Leonte
589 1467 838 1504 substitueret.

281 1528 334 1563 De
359 1529 466 1563 rebus
501 1539 524 1563 a
564 1527 797 1563 Callicratida
837 1528 947 1575 gestis
979 1528 1223 1564 Diodorus
1258 1540 1287 1565 c.
1317 1529 1364 1565 76
1400 1528 1626 1564 accuratiora
1652 1548 1654 1550 ·

178 1589 333 1624 tradidit
359 1600 469 1634 quam
494 1589 717 1634 Xenophon3
757 1600 799 1624 ac
825 1600 892 1634 pro
919 1589 1199 1624 narratiunculis
1230 1589 1313 1632 inis,
1354 1589 1484 1634 quibus
1510 1589 1625 1624 Xeno-

178 1649 275 1695 phon
302 1648 349 1697 (Ι,
378 1650 411 1692 6,
441 1651 578 1695 1-11)
605 1650 760 1686 virtutes
783 1650 853 1686 viri
879 1650 1055 1700 exposuit,
1093 1651 1189 1697 apud
1218 1650 1417 1687 Diodorum
1448 1650 1626 1697 quaedam

179 1706 401 1757 generaliter
423 1712 461 1745 in
488 1712 563 1747 eius
589 1712 733 1747 laudem
752 1713 849 1747 dicta
876 1715 974 1755 sunt3
1003 1724 1084 1747 cum
1107 1713 1239 1758 quibus
1259 1723 1341 1747 cum
1358 1713 1625 1748 accuratissime

178 1772 381 1810 consentiat
420 1772 637 1809 Plutarchus
673 1773 760 1820 Lys.
787 1785 816 1812 c.
845 1775 866 1811 5
895 1775 996 1818 extr.,
1026 1774 1122 1810 hunc
1147 1774 1266 1810 locum
1293 1774 1340 1810 ad
1365 1774 1516 1810 eundem
1542 1785 1626 1811 auc-

178 1837 296 1869 torem
322 1834 548 1870 referendum
588 1847 663 1871 esse
696 1834 889 1871 verisimile
927 1838 1001 1878 est;
1035 1836 1105 1871 huc
1140 1836 1277 1872 accedit
1315 1835 1412 1881 quod
1446 1835 1625 1871 artissime

179 1894 392 1930 coniunctus
419 1897 474 1930 est
493 1907 574 1931 cum
601 1895 673 1931 illis
700 1907 792 1941 quae
809 1896 933 1931 eodem
960 1897 1077 1942 capite
1103 1897 1299 1933 traduntur
1325 1897 1368 1932 de
1395 1895 1625 1942 optimatium

177 1955 328 2001 imperio
343 1956 476 2002 Ephesi
502 1957 681 2001 instituto,
711 1969 803 2004 quae
829 1957 1012 1993 simillima
1025 1960 1112 1994 sunt
1130 1958 1280 1994 Diodori
1295 1970 1326 1996 c.
1343 1959 1403 1995 ¹70.
1455 1957 1625 1994 Proximo

179 2020 302 2054 autem
329 2018 447 2064 capite
472 2030 553 2054 cum
579 2019 873 2055 narratiunculae
899 2019 983 2055 illae
1010 2031 1032 2055 a
1052 2019 1288 2066 Xenophonte
1317 2018 1484 2065 proditae
1511 2018 1621 2055 etiam

177 2080 332 2126 amplius
368 2083 562 2117 exornatae
606 2081 838 2127 repetantur‘
854 2082 952 2128 apud
991 2082 1246 2125 Plutarchum,
1294 2081 1361 2117 hoc
1403 2093 1445 2117 ex
1478 2081 1623 2126 Ephoro

179 2143 364 2187 sumptum
390 2153 465 2177 esse
492 2145 655 2188 apparet,
684 2154 791 2188 quem
817 2143 972 2178 maxime
997 2143 1034 2178 in
1068 2143 1123 2178 his
1151 2143 1329 2188 capitibus
1356 2154 1438 2177 eum
1462 2144 1624 2178 secutum

181 2213 259 2238 esse
285 2204 440 2241 constat.

279 2262 322 2299 In
347 2264 469 2309 ampla
495 2264 558 2300 illa
593 2267 630 2301 et
656 2265 745 2301 satis
790 2264 948 2300 dilucida
989 2265 1033 2301 de
1059 2265 1194 2311 proelio
1236 2265 1283 2300 ad
1317 2267 1459 2301 eentum
1489 2266 1625 2302 insulas

177 2324 276 2361 facto
302 2325 522 2369 narratione,
551 2336 644 2372 quae
682 2328 785 2361 extat
812 2326 910 2371 apud
947 2325 1150 2361 Diodorum
1176 2337 1205 2361 ο.
1235 2326 1396 2370 ’7‘7-79,
1425 2327 1545 2363 omnia
1570 2338 1624 2375 ea,
1663 2340 1672 2345 ·

273 2453 296 2496 ¹)
318 2454 382 2486 Die
406 2454 571 2488 Schlacht
594 2454 650 2488 bei
674 2454 742 2488 den
766 2454 975 2496 Arginusen,
993 2453 1173 2496 Hamburg
1199 2454 1294 2495 1855,
1317 2465 1351 2497 p.
1377 2454 1427 2487 17.
