1755 2892
877 183 903 225 4

154 313 336 352 Diodorus
370 315 417 351 ab
443 314 559 352 altero
591 317 748 354 auctore
786 317 833 353 ad
860 316 1015 353 alterum
1052 316 1211 355 transiit.
1265 313 1468 364 Postquam
1501 315 1594 353 enim

153 376 192 412 in
218 387 248 415 c.
275 376 336 425 36,
374 376 438 412 ubi
474 377 629 414 alterum
668 380 853 415 auctorem
898 378 1117 424 sequebatur
1134 404 1143 422 ,
1188 379 1340 425 propter
1381 377 1597 415 brevitatem

154 438 403 484 excerptorum
440 449 588 475 suorum
614 450 657 475 ea
682 451 775 487 quae
812 440 857 476 de
882 437 1074 476 Alcibiade
1098 439 1237 477 tradita
1263 441 1368 476 erant
1395 439 1595 486 praeteriit,

154 500 193 535 in
218 499 284 548 eis,
322 511 417 546 quae
442 512 474 536 c.
503 500 551 538 37
583 501 778 537 secundum
812 501 969 537 alterum
1008 501 1191 536 auctorem
1228 500 1357 544 refert,
1397 500 1462 536 illa
1503 511 1595 546 quae

154 562 262 597 antea
297 560 370 597 iam
403 563 618 598 narraverat
656 562 789 601 omisit.
852 561 988 597 Frickii
1031 562 1154 598 autem
1186 562 1365 599 sententia
1403 562 1514 599 etiam
1552 573 1594 598 eo

154 621 346 666 refutatur,
389 622 487 669 quod
523 622 584 659 ille
622 623 857 668 perturbatus
889 624 932 658 ut
957 622 1045 658 mihi
1069 621 1214 659 videtur
1235 634 1357 659 rerum
1383 623 1482 667 ordo,
1520 623 1593 670 qui,

154 683 186 720 si
212 695 243 720 c.
270 683 319 722 36
345 685 382 720 et
409 683 456 722 3⁷
493 683 540 720 ad
579 684 730 721 eundem
764 685 949 721 auctorem
974 683 1161 720 referenda
1187 685 1316 732 essent,
1358 684 1396 720 in
1420 684 1595 722 relatione

154 745 230 782 eius
255 745 398 788 inesset,
438 757 511 781 non
535 746 717 782 invenitur
744 746 842 791 apud
867 757 926 781 eos
952 745 1155 790 scriptores,
1183 756 1273 791 quos
1299 744 1422 781 eodem
1447 748 1594 782 auctore

153 818 238 843 usos
276 817 351 842 esse
400 806 477 852 ipse
518 806 682 843 Frickius
724 809 845 843 censet
879 808 929 853 (p.
973 806 1050 855 17).
1117 805 1283 842 Justinus
1321 806 1415 841 enim
1454 806 1514 853 (V,
1555 806 1593 851 3)

153 879 301 913 prorsus
339 867 463 903 eodem
506 868 630 904 ordine
675 880 747 915 quo
795 867 1021 914 Thucydides
1070 867 1136 903 has
1187 879 1245 903 res
1292 869 1444 910 naz-ram
1497 868 1593 913 apud

155 929 354 965 Cornelium
382 928 513 965 desunt
537 931 658 965 cetera
683 941 775 976 quae
800 929 844 965 de
868 928 1099 976 optimatium
1124 928 1366 964 dominatione
1386 928 1593 977 traduntur,

154 994 478 1027 commemorantur
501 992 628 1027 tamen
654 990 744 1035 (Alc.
773 991 809 1033 5,
835 990 873 1037 3)
914 1002 1006 1037 quae
1032 989 1238 1026 Alcibiades
1266 1001 1347 1026 cum
1371 1000 1414 1026 ea
1438 989 1594 1026 factione

153 1051 278 1099 egerit,
320 1052 363 1086 ut
398 1050 504 1087 facile
543 1051 777 1098 intellegatur
810 1050 1012 1088 Cornelium
1035 1050 1102 1087 hoc
1138 1050 1217 1087 loco
1253 1062 1325 1087 non
1357 1050 1477 1087 omnia
1502 1061 1594 1098 quae

153 1112 250 1159 apud
278 1114 466 1148 auctorem
510 1124 615 1149 suum
652 1112 841 1150 invenerat
864 1112 1099 1161 excerpsisse,
1133 1112 1195 1149 sed
1234 1123 1277 1148 ea
1313 1112 1391 1149 sola
1423 1124 1516 1159 quae
1546 1113 1593 1149 ad

152 1175 270 1221 ipsum
295 1173 521 1210 Alcibiadem
557 1174 791 1224 pertinerent.
845 1174 1137 1210 Plutarchus
1164 1175 1200 1210 et
1225 1174 1300 1220 ipse
1326 1174 1369 1209 de
1394 1173 1593 1210 Alcibiadis

152 1236 244 1272 dolis
271 1238 308 1272 et
334 1235 565 1282 optimatium
593 1236 837 1273 dominatione
862 1247 926 1273 suo
952 1236 1030 1272 loco
1056 1234 1177 1283 refert,
1220 1237 1256 1272 et
1280 1238 1469 1282 praeterea
1495 1235 1593 1283 apud

152 1309 234 1333 eum
278 1297 431 1344 vestigia
468 1297 625 1333 eiusdem
664 1309 773 1344 quam
819 1298 927 1336 Diod.
962 1309 992 1335 c.
1029 1297 1077 1335 36
1127 1298 1272 1334 secutus
1310 1299 1365 1333 est
1407 1297 1592 1333 relationis

153 1371 330 1406 apparere
357 1359 543 1398 videntur:
571 1371 655 1395 nam
681 1359 778 1406 quod
791 1359 1007 1396 Plutarchus
1032 1359 1076 1395 de
1100 1358 1257 1405 quinque
1282 1359 1421 1395 milium
1442 1358 1592 1405 imperio

151 1421 249 1464 dicit,
290 1421 327 1456 id
353 1421 538 1466 aptissime
564 1421 729 1456 convenit
755 1432 836 1456 cum
862 1433 902 1457 eo
936 1420 1032 1467 quod
1056 1420 1153 1466 apud
1177 1420 1376 1456 Diodorum
1400 1420 1444 1455 de
1469 1421 1592 1456 eadem

151 1495 189 1518 re
225 1482 360 1529 legitur
400 1482 514 1527 (Plut.
538 1482 618 1519 Alc.
645 1483 693 1519 26
721 1481 803 1517 καὶ
831 1478 1186 1531 μαλακώτερον
1223 1475 1459 1522 ἥπτοντο
1498 1489 1596 1519 τοῦ

152 1540 385 1591 πολέμου.
451 1542 556 1578 Diod.
583 1543 654 1586 36,
686 1543 708 1579 6
748 1538 878 1578 πολι)
914 1548 1086 1591 χεῖρον
1121 1539 1210 1578 τόν
1245 1537 1467 1590 πόλεμον
1490 1541 1592 1591 διῴ-

150 1602 332 1652 κησαν).

252 1664 322 1701 Sed
352 1665 426 1700 iam
452 1666 679 1701 transeamus
720 1666 766 1701 ad
805 1666 923 1711 ipsum
951 1675 980 1699 c.
1009 1665 1067 1701 3¹7.
1122 1663 1161 1699 In
1196 1676 1267 1710 quo
1304 1664 1429 1700 statim
1463 1675 1590 1711 cogno-

148 1726 280 1763 scimus
318 1726 514 1763 sententias
554 1729 649 1763 certo
678 1728 714 1763 et
752 1726 841 1763 satis
868 1726 1036 1762 distincto
1063 1723 1187 1762 ordine
1212 1726 1306 1762 inter
1330 1738 1368 1762 se
1395 1737 1514 1770 nexas,
1556 1729 1592 1762 et

148 1788 293 1833 quidem
338 1787 459 1823 omnia
498 1788 615 1823 relata
654 1799 729 1823 esse
767 1788 813 1823 ad
850 1799 960 1822 uuam
1002 1787 1215 1822 sententiam
1228 1813 1237 1830 ,
1277 1799 1369 1833 quae
1404 1789 1590 1834 tamquam

149 1850 402 1895 argumentum
426 1860 549 1884 eorum
588 1859 680 1895 quae
717 1849 917 1894 sequuntur
941 1847 1138 1894 praemissa
1166 1850 1231 1887 est.
1283 1848 1337 1884 Ea
1360 1851 1483 1885 autem
1511 1860 1589 1885 sen-

145 1910 274 1956 tentia,
312 1921 354 1944 ex
389 1921 464 1955 qua
488 1912 531 1945 ut
557 1921 696 1945 summa
734 1909 893 1945 omnium
917 1911 1017 1945 totus
1042 1908 1304 1946 sententiarum
1330 1910 1419 1946 ordo
1448 1911 1589 1956 pendet,

146 1981 220 2016 qua
258 1969 362 2005 solo
397 1970 693 2006 Alcibiadis
731 1970 777 2005 in
820 1969 1186 2006 Atheniensium
1230 1973 1390 2016 partes
1430 1971 1589 2007 reditu

145 2031 328 2068 factum
379 2043 481 2068 esse
535 2031 734 2080 dicitur,
788 2034 840 2067 ut
890 2032 1213 2068 Athenienses
1265 2035 1372 2079 post
1427 2035 1589 2069 tantas

145 2091 349 2128 Siculae
382 2093 720 2138 expeditionis
760 2093 1076 2130 calamitates
1106 2105 1197 2130 non
1232 2094 1404 2130 statim
1435 2094 1589 2132 devin-

145 2156 378 2202 cerentur,
406 2154 487 2190 sed
512 2154 641 2191 satis
675 2155 851 2191 multos
878 2166 1026 2192 annos
1052 2156 1447 2192 Lacedaemoniis
1473 2157 1587 2193 resi-

144 2218 235 2252 ster
244 2218 328 2264 ent,
343 2227 416 2252 non
436 2216 617 2252 invenitur
630 2216 728 2262 apud
741 2214 998 2263 Thucydidem,
1017 2228 1234 2264 quamquam
1248 2217 1491 2263 compluribus
1501 2219 1591 2256 locis

143 2277 176 2312 ei
202 2278 340 2313 occasio
361 2278 450 2312 data
466 2279 545 2312 erat
569 2277 643 2312 tale
657 2278 795 2323 aliquid
815 2279 1135 2317 commemorandi:
1161 2281 1303 2315 constat
1319 2281 1440 2314 autem
1452 2280 1591 2326 Thucy-

142 2337 261 2374 didem
305 2348 491 2384 nunquam
529 2337 709 2383 optimum
750 2338 794 2374 de
824 2338 1013 2375 Alcibiade
1046 2339 1217 2375 iudicium
1241 2338 1358 2376 facere
1382 2352 1590 2387 semperque

141 2399 173 2434 ei
199 2411 309 2446 quam
349 2399 539 2435 minimum
575 2399 743 2435 meritum
779 2400 949 2439 tribuere.
1001 2400 1118 2437 Multo
1145 2405 1264 2438 autem
1288 2402 1404 2449 magis
1430 2414 1472 2438 ea
1496 2403 1586 2449 ipsa,

141 2472 232 2506 quae
265 2461 308 2496 de
343 2461 542 2496 Alcibiadis
585 2461 689 2496 rebus
730 2461 840 2507 gostis
878 2473 900 2497 a
938 2462 1097 2497 Diodoro
1129 2465 1343 2506 narr-autur,
1383 2463 1583 2510 Thucydidi
