1755 2892
872 180 896 219 3

164 313 248 351 dum
271 309 465 350 sententias
479 321 520 346 ex
537 308 599 346 illo
618 311 780 357 sumptas
797 310 1012 350 institueret.
1041 310 1205 347 Ceterum
1217 322 1328 346 unum
1338 308 1429 346 illud
1447 306 1598 346 Diodori

162 377 201 411 in
224 375 280 411 his
306 373 499 419 capitibus,
526 372 623 417 quod
649 383 721 408 non
746 383 789 407 ex
815 371 1022 418 Thucydide
1046 374 1230 417 sumptum
1262 383 1337 407 esse
1362 373 1497 418 potest,
1526 383 1598 407 non

164 438 372 482 alteroutro,
393 433 455 469 sed
480 433 634 479 utroque
647 432 724 469 loco
741 432 942 469 invenitur:
970 444 1013 469 ea
1038 433 1131 469 enim
1156 445 1247 480 quae
1273 445 1315 469 ex
1336 430 1468 469 infelici
1486 432 1599 469 Athe-

165 499 339 535 niensium
364 507 449 531 casu
473 494 598 530 effecta
626 505 704 531 esse
721 494 927 538 traduntur,
955 496 991 531 et
1013 494 1051 530 in
1077 506 1106 533 c.
1125 494 1175 531 34
1188 497 1223 530 et
1247 495 1285 529 in
1311 506 1340 530 c.
1363 495 1411 532 36
1436 494 1599 531 referun-

165 564 226 596 tur
246 559 292 595 ad
307 555 580 593 Atheniensium
600 557 636 591 et
656 555 1019 592 Lacedaemoniorum
1041 555 1084 591 de
1108 567 1245 591 summo
1260 555 1430 591 Graeciae
1448 555 1598 602 imperio

165 619 444 657 contentionemx
486 617 583 663 quod
608 618 645 653 et
669 616 788 663 ipsum
812 617 943 653 mirum
968 618 1072 664 esset,
1109 616 1178 653 nisi
1207 618 1399 663 utrumque
1422 619 1531 663 caput
1556 629 1598 653 ex

165 682 286 717 eodem
326 679 500 724 scriptore
539 679 722 723 sumptum
764 680 869 717 esset.
937 678 1054 724 Igitur
1099 677 1130 712 si
1173 690 1214 713 ex
1253 678 1402 714 diversis
1445 678 1597 713 duorum

165 741 328 787 capitum
356 739 470 775 initiis
496 750 607 774 unum
634 736 832 784 fecerimus,
858 738 949 774 nihil
974 738 1198 775 difficultatis
1224 741 1349 778 restat.

266 800 367 844 Quod
396 801 427 836 si
465 801 552 836 haec
590 801 660 836 duo
687 801 807 846 capita
831 812 903 836 non
928 812 970 836 ex
995 801 1158 846 pluribus
1192 800 1426 847 scriptoribus
1453 803 1598 846 sumpta

165 876 239 901 esse
264 864 418 906 constat,
458 862 613 898 alterum
648 862 747 909 quod
779 861 944 898 Frickius
982 862 1131 898 coniecit
1170 861 1301 898 falsum
1328 873 1402 898 esse
1428 864 1590 907 apparet.

167 926 218 963 Eo
244 925 338 961 enim
362 925 452 972 loco,
495 922 558 961 ubi
584 925 832 961 demonstrare
856 926 1006 960 conatur
1033 936 1061 960 c.
1089 925 1136 961 36
1163 927 1199 959 et
1225 924 1273 962 37
1301 936 1342 959 ex
1370 924 1597 969 Theopompo

166 988 309 1032 sumpta
336 997 422 1033 esse,
461 988 556 1021 recte
590 986 734 1031 quidem
761 986 799 1020 in
824 997 855 1024 e.
883 985 930 1022 37
964 985 1082 1030 ipsum
1106 997 1226 1031 rerum
1254 984 1414 1019 ordinem
1439 984 1599 1020 consulto

166 1047 219 1084 ita
244 1046 451 1084 institutum
477 1058 551 1083 esse
584 1047 691 1091 dicit,
730 1049 772 1083 ut
805 1046 1003 1083 Alcibiadis
1038 1046 1169 1083 merita
1202 1058 1310 1092 quam
1348 1046 1500 1082 maxime
1526 1047 1599 1081 elu-

167 1110 310 1151 cerent3
346 1108 438 1144 falso
465 1110 587 1143 tamen
625 1108 769 1154 putavit
802 1107 951 1144 eandem
977 1108 1023 1144 ob
1049 1119 1196 1144 causam
1220 1107 1356 1143 factum
1382 1119 1467 1151 esse,
1494 1109 1536 1143 ut
1561 1107 1599 1143 in

168 1171 217 1206 eis
254 1181 346 1217 quae
380 1181 408 1207 c.
453 1169 500 1207 36
541 1169 739 1208 traduntur
779 1169 977 1207 Alcibiadis
1014 1159 1114 1206 nulla
1150 1169 1251 1206 fieret
1286 1169 1430 1206 mentio
1484 1169 1596 1214 Quod,

166 1231 341 1284 siquidem
367 1243 396 1269 c
424 1232 472 1268 34
498 1235 534 1267 et
569 1232 616 1269 36
657 1232 703 1267 ad
743 1232 893 1267 eundem
927 1232 1138 1277 scriptorem
1172 1231 1359 1267 referenda
1383 1233 1489 1280 sunt,
1528 1243 1599 1268 non

166 1296 262 1331 recte
288 1306 325 1331 se
349 1293 481 1330 habere
505 1295 635 1340 potest,
679 1293 709 1330 si
746 1295 868 1330 tamen
890 1293 928 1329 in
953 1305 983 1332 c.
1011 1293 1059 1331 34
1093 1293 1163 1329 alio
1202 1292 1381 1329 Diodorus
1416 1293 1600 1330 nitebatur

169 1358 315 1392 auctore
341 1357 450 1401 atque
477 1354 515 1389 in
540 1366 572 1392 c.
588 1355 648 1398 37,
671 1357 713 1390 ut
738 1355 833 1390 idem
857 1355 982 1393 voluit.
1035 1354 1104 1390 Sed
1129 1354 1239 1390 etiam
1259 1355 1369 1390 aliam
1395 1356 1440 1391 ob
1455 1367 1600 1392 causam

170 1430 199 1456 c.
227 1418 275 1455 36
301 1419 336 1454 et
369 1417 415 1455 37
449 1416 508 1452 vix
544 1416 590 1452 ad
630 1417 779 1453 eundem
804 1418 986 1453 auctorem
1006 1416 1143 1453 referre
1166 1415 1263 1454 licet.
1312 1416 1367 1452 Ex
1392 1417 1598 1464 Thucydide

170 1478 261 1516 enim
300 1479 388 1515 satis
423 1481 575 1524 apparet
617 1490 659 1514 ea
684 1490 776 1525 quae
808 1479 916 1516 Diod.
953 1490 982 1517 c.
1024 1479 1072 1516 36
1107 1479 1234 1513 narrat
1274 1478 1317 1514 de
1341 1478 1599 1525 imperatorum

170 1540 348 1577 discordia
384 1541 420 1575 et
454 1540 497 1575 de
533 1551 655 1587 pugna
693 1540 790 1586 apud
823 1540 983 1586 Oropum
1020 1539 1141 1584 facta,
1181 1540 1228 1575 ad
1266 1552 1347 1576 eum
1384 1541 1512 1587 capitis
1551 1541 1598 1578 37

170 1602 288 1649 locum
311 1601 508 1648 pertinere,
547 1601 610 1636 ubi
646 1601 850 1638 Alcibiades
886 1601 1042 1637 reditum
1080 1601 1117 1636 in
1156 1602 1312 1647 patriam
1350 1602 1420 1638 sibi
1454 1614 1600 1648 parasse

171 1663 352 1702 traditur:
391 1662 429 1698 in
465 1674 534 1708 quo
577 1662 686 1698 etiam
725 1674 817 1709 quae
853 1663 1056 1699 Alcibiades
1091 1674 1171 1698 cum
1197 1663 1427 1709 optimatium
1452 1664 1606 1700 factione

163 1724 384 1760 *Atheniensi
423 1724 497 1770 egit
535 1724 669 1760 omissa
706 1727 802 1761 sunt.
856 1725 980 1771 Neque
1019 1736 1103 1761 vero
1127 1725 1312 1770 probabile
1337 1728 1392 1761 est
1417 1729 1482 1761 aut
1507 1726 1606 1775 apud

174 1785 357 1831 Ephorum
393 1787 458 1821 aut
500 1785 596 1832 apud
628 1785 897 1832 Theopompum
929 1787 1062 1822 iustum
1101 1798 1222 1822 rerum
1259 1786 1420 1823 ordinem
1451 1787 1505 1823 ita
1530 1789 1606 1823 tur-

173 1846 300 1883 batum
337 1844 457 1886 fuisse.
522 1847 638 1884 Multo
676 1848 904 1885 verisimilius
942 1854 997 1884 est
1034 1859 1075 1884 eo
1113 1848 1150 1883 id
1188 1848 1326 1885 factum
1368 1860 1443 1885 esse
1456 1876 1465 1892 ‚
1510 1848 1606 1895 quod

175 1989 405 2034 στρατηγοὶ
438 1983 538 2033 πρός
570 1984 788 2027 ἀλλήλους
819 1987 1095 2025 ἐστασίαζον.
1133 1988 1448 2030 Neglegentissime
1482 1987 1607 2020 deinde

175 2052 263 2083 quae
285 2042 328 2075 de
351 2052 468 2085 pugna
496 2041 588 2085 apud
611 2041 762 2085 Oropum
784 2041 877 2075 facta
911 2042 1098 2075 traduntur
1131 2042 1266 2076 adnexa
1290 2044 1372 2076 sunt
1395 2042 1506 2076 verbis
1531 2044 1606 2073 καὶ

174 2093 300 2134 τέλος.
345 2097 501 2139 Denique
525 2097 615 2138 quod
639 2096 722 2130 socii
744 2096 908 2130 dicuntur
930 2098 1072 2140 propter
1099 2097 1348 2140 imperatorum
1370 2096 1608 2130 contentiones

176 2150 355 2190 defecisse,
383 2151 608 2183 falsissimum
641 2152 716 2183 est:
754 2151 846 2192 quod
869 2152 904 2184 et
938 2151 1054 2193 ipsum
1084 2151 1161 2184 ideo
1184 2151 1323 2184 videtur
1345 2151 1504 2184 additum
1527 2160 1609 2189 esse,

176 2204 216 2236 ut
238 2214 291 2238 res
311 2204 451 2240 minime
468 2205 561 2240 inter
578 2216 613 2240 se
625 2205 846 2240 cohaerentes
868 2205 981 2241 verbis
999 2206 1117 2239 tamen
1128 2205 1431 2249 coniungerentur.
1455 2207 1609 2250 Apparet

176 2258 283 2301 igitur
312 2261 508 2303 ubicunque
530 2262 622 2304 apud
635 2261 823 2295 Diodorum
845 2263 901 2295 vel
925 2261 1012 2294 alios
1030 2261 1227 2303 posterioris
1244 2262 1408 2304 temporis
1426 2262 1609 2304 scriptores

176 2313 276 2347 tanta
309 2316 532 2359 neglegentia.
565 2317 601 2350 et
627 2316 771 2350 levitate
804 2316 998 2350 sententiae
1031 2315 1123 2349 inter
1156 2326 1191 2348 se
1225 2326 1373 2350 conexae
1407 2317 1509 2357 sunt,
1539 2325 1610 2348 non

176 2365 288 2410 ipsam
310 2380 424 2404 rerum
457 2382 497 2405 ac
520 2370 772 2405 sententiarum
800 2370 1079 2405 coniunctionem
1114 2371 1221 2404 talem
1257 2372 1370 2413 qualis
1406 2371 1497 2415 apud
1532 2370 1610 2403 illos

178 2423 274 2456 extat
296 2426 557 2472 exauctoribus
581 2437 700 2459 eorum
721 2427 897 2469 sumptam
920 2436 991 2459 esse
1014 2436 1132 2469 posse:
1167 2438 1234 2467 qua
1258 2437 1293 2459 re
1316 2427 1382 2460 viri
1405 2426 1499 2460 docti
1524 2424 1609 2457 mihi

179 2486 428 2521 nonnunquam
452 2480 613 2513 videntur
635 2491 776 2515 errasse.
1490 2524 1525 2555 l*
