1755 2892
877 149 928 189 22

176 278 270 314 enim
307 279 486 325 quaedam
525 278 563 313 in
604 290 647 314 ea
682 279 807 314 insunt
840 278 970 324 quibus
1010 278 1190 314 artissime
1228 278 1419 315 cohaereat
1457 290 1539 314 cum
1574 279 1625 316 eis

175 338 330 375 Diodori
348 339 437 376 locis
457 350 547 387 quos
562 350 604 375 ex
626 338 857 386 Theopompo
875 340 1037 386 sumptos
1063 350 1139 376 esse
1162 350 1243 375 cum
1262 338 1406 376 Frickio
1430 339 1624 377 consentio.

178 399 290 436 Velut
316 412 345 439 c.
377 400 436 444 38,
466 400 501 439 4.
530 401 551 437 5
581 403 909 437 commemorantur
944 402 1126 437 trecentae
1159 401 1243 437 illae
1273 412 1383 437 naves
1417 412 1509 448 quas
1533 401 1627 442 Min-

175 460 287 498 darus
312 472 335 498 a
360 460 600 509 Tissapherne
626 462 706 508 (pro
734 472 806 509 quo
842 462 952 499 etiam
987 462 1055 499 hoc
1089 462 1167 499 loco
1202 474 1267 509 per
1292 473 1449 500 errorem
1474 461 1625 500 affertur

175 523 447 569 Pharnabazus)
475 524 696 569 expectavit;
724 524 768 559 de
782 536 854 570 quo
880 536 1028 560 numero
1056 535 1165 570 supra
1180 524 1335 560 diximus
1351 524 1633 571 Theopompum.

175 581 368 620 dissentire
394 584 440 620 ab
468 583 614 630 Ephoro
650 586 686 619 et
712 584 941 631 Thucydide;
976 587 1055 621 tum
1090 596 1109 621 c
1149 584 1209 629 41,
1237 584 1272 623 4.
1299 585 1322 623 5
1348 584 1623 623 Atheniensium

176 647 239 693 qui
268 646 369 682 Sami
402 645 538 682 fuerint
579 645 714 682 eisdem
741 646 860 682 verbis
886 647 1021 683 mentio
1054 646 1200 682 inicitur
1225 646 1356 692 quibus
1382 658 1411 686 c.
1438 646 1498 691 38,
1525 647 1560 685 4.
1587 648 1623 687 5.

174 707 381 752 Praeterea,
403 706 441 744 id
460 707 558 754 quod
579 707 726 744 maioris
748 708 918 745 momenti
941 710 1005 752 est,
1031 708 1118 744 haee
1137 708 1299 744 narratio
1325 708 1455 744 miram
1481 708 1625 745 exhibet

174 768 447 806 similitudinem
460 780 543 804 cum
570 768 686 804 altera
711 768 776 805 illa
801 781 924 816 pugna
949 771 1100 805 narrata
1127 780 1149 805 a
1176 768 1388 805 Diodoro
1416 781 1446 808 c.
1472 758 1533 814 115,
1561 769 1630 813 46,-

176 841 287 881 quam
311 842 354 866 ex
378 830 608 876 Theopompo
643 840 810 866 manasse
838 830 916 876 ipso
942 830 1005 866 illo
1033 830 1129 867 vitae
1168 830 1388 877 Thucydidis
1423 830 1502 867 loco
1528 842 1624 867 com-

173 893 364 939 probatur.
417 891 506 928 Cum
522 891 617 928 enim
639 893 675 927 et
701 891 900 938 Xenophon
926 893 963 928 et
988 892 1205 929 Plutarchus
1231 891 1314 928 huic
1331 903 1473 939 pugnae
1495 904 1625 929 nomen

174 954 304 990 indant
328 955 375 990 ab
399 954 530 1001 Abydo
542 953 644 1002 urbe,
662 955 755 990 teste
773 953 932 990 Diodoro
953 954 984 991 is
997 955 1097 991 locus
1119 966 1190 1001 quo
1211 953 1388 1001 proelium
1409 954 1548 991 factum
1570 955 1626 991 est
1660 1002 1664 1005 ‚

176 1017 405 1064 aliquantum
450 1016 565 1052 distat
609 1016 656 1052 ab
698 1015 848 1062 Abydo,
895 1019 931 1052 et
969 1028 999 1056 c.
1041 1016 1089 1055 47
1127 1016 1289 1052 traditur
1325 1018 1515 1062 tropaeum
1550 1016 1625 1053 eius

175 1078 350 1114 victoriae
364 1077 523 1123 positum
543 1088 618 1113 esse
642 1074 742 1126 πρός
757 1080 819 1126 τῷ
842 1075 1034 1127 προτέρῳ,
1068 1078 1165 1125 quod
1182 1077 1409 1124 Thucydides
1436 1077 1535 1124 VII-1,
1553 1078 1623 1116 106
1675 1116 1677 1118 ,

174 1142 352 1176 memorat
366 1139 475 1176 fuisse
501 1140 539 1175 in
565 1150 608 1176 ea
633 1151 723 1185 rupe
744 1139 801 1176 cui
828 1151 958 1176 nomen
978 1143 1058 1178 erat
1080 1139 1339 1187 Cynossemati.
1376 1138 1470 1175 Sane
1486 1135 1625 1176 Diodo-

176 1213 238 1237 rus
264 1201 326 1245 40,
346 1203 369 1238 6
384 1201 490 1236 affert
503 1212 632 1247 rupem
656 1201 694 1235 in
720 1212 793 1247 qua
820 1200 930 1237 fuerit
944 1199 995 1236 τὸ
1025 1205 1095 1244 τῆς
1125 1197 1284 1246 Ἑκάβης
1303 1206 1489 1250 μνημεῖον,
1516 1211 1625 1247 quam

177 1265 301 1298 tamen
325 1263 476 1298 eandem
501 1274 577 1297 esse
602 1262 735 1297 Strabo
762 1263 956 1297 memoriae
984 1262 1108 1308 prodit
1126 1262 1165 1307 ²).
1470 1258 1473 1260 “

278 1322 445 1358 Duarum
489 1322 602 1369 igitur
639 1321 784 1357 illarum
810 1333 1025 1369 ¹pugnarum
1072 1321 1326 1368 descriptiones
1372 1323 1450 1358 tam
1493 1321 1627 1358 similes

177 1385 272 1421 inter
304 1396 341 1420 se
375 1386 478 1428 sunt,
519 1386 562 1420 ut
599 1384 646 1419 ad
674 1384 834 1420 veundem
872 1386 1055 1421 auctorem
1080 1386 1177 1421 certo
1203 1383 1409 1419 referendae
1438 1383 1520 1421 sint.
1573 1383 1627 1419 Ac

177 1446 339 1493 primum
366 1446 512 1493 quidem
538 1445 576 1481 in
606 1447 762 1493 utraque
779 1446 923 1482 eaedem
950 1446 1103 1481 duarum
1130 1446 1298 1481 classium
1323 1446 1447 1492 partes
1474 1456 1628 1480 comme-

178 1509 386 1552 morantur;
414 1508 452 1544 in
485 1510 640 1554 utraque
663 1507 755 1543 enim
776 1507 1143 1544 Lacedaemoniorum
1164 1506 1286 1544 classis
1316 1508 1468 1544 alteram
1486 1509 1628 1553 partem

178 1580 288 1605 naves
324 1569 583 1615 Syracusanae,
621 1569 775 1605 alteram
802 1569 961 1616 reliquae
1003 1569 1091 1605 duce
1127 1568 1293 1605 Mindaro
1305 1596 1314 1618 ‚
1353 1567 1628 1605 Atheniensium

179 1630 335 1667 alteram
385 1627 638 1677 Thrasybulus
679 1631 834 1666 alteram
879 1631 1092 1676 Thrasyllus
1138 1631 1308 1666 habuisse
1358 1631 1545 1674 diotmtur3
1592 1632 1629 1666 et

178 1691 325 1739 quidem
347 1691 391 1728 de
417 1692 539 1737 priore
564 1703 687 1739 pugna
708 1692 935 1739 Thucydides
958 1691 1100 1728 diversa
1122 1691 1295 1739 prodidit,
1324 1691 1367 1727 de
1388 1691 1510 1728 altera
1536 1702 1628 1738 quae

176 1753 329 1801 legimus
367 1753 464 1799 apud
503 1751 722 1798 Diodorum,
759 1765 801 1790 ea
838 1765 910 1789 non
957 1753 1188 1790 inveniuntur
1219 1753 1319 1803 apud
1345 1752 1628 1799 Xenophontem.

270 1891 293 1933 ¹)
316 1891 392 1926 VII.
417 1890 461 1925 fr.
492 1892 535 1925 55
571 1887 669 1923 ’Ἐστι
693 1886 723 1923 δ’
747 1890 780 1923 ἐν
801 1893 847 1934 τῷ
869 1888 1007 1936 περίπλῳ
1028 1886 1137 1934 τούτῳ
1159 1877 1205 1934 te}
1227 1887 1307 1933 μετά
1327 1886 1508 1923 Ἑλεοῦντα
1529 1886 1551 1929 ἡ
1571 1889 1629 1929 εἰς·

178 1942 262 1986 βολή
289 1947 416 1988 πρῶτον
437 1942 459 1984 ἡ
481 1944 522 1984 εἷς
544 1941 603 1983 τὴν
631 1941 844 1991 Προποντίδα
872 1941 930 1977 διαὶ
958 1947 1025 1977 τῶν
1048 1948 1182 1986 στενῶν,
1213 1940 1256 1983 ἥν
1282 1950 1387 1987 φασιν
1415 1939 1524 1989 ἀρχήν
1546 1938 1629 1977 εἶναι

178 1994 503 2039 τῆςἙλλησπόντου.
527 1998 680 2032 ἐνταῦθα
702 1994 732 2031 δ’
756 1998 822 2031 ἐστὶ
842 1995 888 2032 τὸ
906 1995 1043 2038 Κυνός
1068 2001 1179 2041 σῆμα
1201 1995 1325 2045 ἄκρα,
1349 1997 1388 2031 οἱ
1408 1993 1437 2031 δῖ
1457 1993 1626 2037 Ἑκάβης
1700 2027 1705 2030 .

179 2053 293 2097 φασί.
337 2055 397 2085 καὶ
423 2048 486 2098 γάρ
521 2050 689 2085 δείκνυται
724 2049 899 2095 κάμψαντι
928 2049 989 2092 τήν
1021 2052 1127 2098 ἄκραν
1166 2049 1274 2095 τάφος
1306 2048 1419 2091 αὐτῆς.
1464 2051 1558 2093 XIII,
1586 2052 1629 2086 28

180 2103 305 2152 μεταξύ
325 2117 358 2139 τε
389 2102 557 2146 ὁῬόδιος
591 2106 731 2139 ἐκπίπτει
763 2103 924 2150 ποταμός,
960 2102 1051 2140 καθ’
1084 2101 1130 2138 ὃν
1159 2105 1199 2139 ἐν
1230 2109 1278 2151 τῇ
1299 2101 1563 2152 Χερροννὴσῳ
1585 2100 1629 2138 τό

179 2158 320 2201 Κυνός
355 2159 462 2205 σῆμά
500 2161 626 2203 ἐστιν,
662 2156 682 2193 ὅ
709 2165 841 2203 φασιν
864 2157 1045 2201 Ἑκάβης
1075 2155 1181 2193 εἶναι
1203 2158 1344 2204 τάφος.
1391 2161 1433 2194 In
1456 2171 1524 2204 quo
1547 2161 1622 2195 loco

176 2217 245 2262 ipsi
269 2216 432 2251 Straboni
460 2217 553 2251 hunc
587 2217 630 2250 de
664 2227 733 2259 quo
761 2216 896 2259 agimus
921 2217 1134 2259 Theopompi
1164 2217 1280 2250 locum
1303 2216 1386 2249 ante
1409 2216 1525 2250 oculos
1549 2226 1624 2250 ver-

177 2274 292 2307 satum
316 2282 389 2306 esse
411 2271 591 2315 probabile
613 2273 684 2310 est;
709 2271 754 2304 ad
777 2270 927 2305 eundem
950 2270 1044 2304 enim
1060 2271 1175 2304 locum
1198 2269 1374 2313 pertinere
1390 2269 1463 2303 veri
1489 2269 1627 2309 similli-

178 2338 274 2361 mum
305 2327 359 2360 est
387 2326 480 2368 quod
513 2326 607 2360 idem
631 2326 754 2359 Strabo
777 2326 992 2368 Theopompi
1016 2325 1157 2359 nomine
1185 2325 1294 2358 allato
1326 2324 1431 2357 tradit
1463 2323 1506 2357 de
1529 2323 1625 2357 Sesto

177 2381 275 2423 XIII,
308 2382 362 2422 22,
381 2381 490 2424 -quod
519 2380 564 2415 ad
597 2380 741 2416 initium
775 2380 942 2415 historiae
977 2380 1128 2415 Graecae
1151 2379 1371 2414 referendum
1406 2389 1479 2414 esse
1513 2379 1620 2414 etiam

180 2436 368 2470 Muellerus
392 2435 527 2469 statuit.
