1755 2892
871 135 922 180 33

173 257 272 297 facta
295 227 387 295 nihil
401 253 555 294 tradidit
572 255 781 303 Xenophon.
802 250 807 257 ⁸
832 256 970 294 Deinde
987 238 1179 294 secundnm
1208 258 1411 296 Cornelium
1430 255 1615 294 Alcibiadi

94 361 100 364 ,
173 324 253 358 tota
279 321 376 357 domi
400 320 556 365 bellique
580 319 747 364 potentia
775 320 914 355 tradita
949 322 1003 355 est
1028 332 1139 366 eoque
1164 321 1372 366 postulante
1399 321 1506 356 duces
1532 330 1614 355 cum

172 394 214 419 eo
238 382 328 427 facti
356 384 441 418 sunt
465 380 712 426 Thrasybulus
740 382 775 415 et
801 380 1034 424 Adimantus;
1071 393 1137 427 pro
1181 382 1310 427 quibus
1351 382 1613 418 Aristocratem

173 445 211 480 et
233 442 471 479 Adimantum
497 441 657 487 appellat
682 441 892 487 Xenophon.

273 504 377 541 Hanc
398 503 609 539 memoriam
631 516 704 540 non
728 505 844 540 solum
867 504 1065 540 consentire
1090 516 1171 539 cum
1197 504 1417 551 Theopompi
1443 505 1487 540 de
1514 504 1612 539 Alci·-

170 566 276 603 biade
299 565 486 609 sententia,
523 564 585 601 sed
609 565 723 601 totius
748 565 844 601 illius
879 576 985 612 quem
1011 576 1122 611 supra
1153 566 1508 603 commemoravimus
1534 577 1611 602 sen-

169 628 369 665 tentiarum
399 638 551 662 conexus
586 628 696 672 caput
731 629 767 662 et
802 626 940 662 consilii
978 626 1054 662 eius
1087 627 1194 662 finem
1234 639 1309 664 esse
1346 629 1510 673 apparet.
1563 626 1612 662 Et

168 688 330 737 profecto
352 687 400 723 ad
423 686 640 723 sententiam
664 699 767 723 suam
792 687 913 723 omnia
937 688 1014 723 tam
1046 687 1226 735 ingeniose
1252 689 1451 734 adaptavit,
1479 691 1522 725 ut
1546 689 1610 735 qui

168 751 260 786 hanc
285 749 400 784 solam
426 748 470 783 de
495 748 551 783 his
577 749 683 783 rebus
710 748 956 784 narrationem
978 748 1125 795 legeret,
1151 749 1211 785 vix
1235 749 1352 784 facere
1375 751 1497 795 posset
1521 749 1610 795 quin

168 805 395 847 Alcibiadem
431 809 657 845 innocentem
683 811 719 845 et
751 807 930 846 hominem
966 809 1120 856 probum
1161 809 1366 857 bonumque
1403 809 1512 846 fuisse
1538 810 1608 846 sibi

167 872 410 918 persuaderet,
448 870 487 905 iu
523 871 653 917 vulgus
692 871 814 906 autem
849 870 1123 906 Atheniensium
1163 873 1199 906 et
1227 871 1443 918 demagogos
1468 882 1608 906 summo

123 939 127 944 “
166 933 415 969 incenderetur
436 931 537 975 odi0;
564 932 684 967 omnia
704 931 798 968 enim
825 931 996 978 quoniam
1012 931 1196 978 aptissime
1209 932 1303 968 inter
1329 944 1364 968 se
1392 934 1605 980 congruunt,

166 994 333 1031 videntur
359 1005 439 1029 cum
466 1005 549 1029 vero
576 1005 782 1039 congruere.
836 993 972 1029 Tamen
1010 993 1226 1039 simulatque
1265 993 1462 1039 simplicem
1488 993 1607 1028 Xeno-

164 1054 310 1100 phontis
348 1054 595 1090 narrationem
636 1054 828 1090 contuleris
842 1081 851 1098 ,
905 1065 982 1089 rem
1030 1065 1179 1099 prorsus
1222 1054 1337 1089 aliter-
1367 1065 1404 1089 se
1442 1053 1609 1089 habuisse

169 1114 344 1162 apparet3
382 1127 488 1162 quem
523 1115 591 1151 etsi
620 1115 811 1152 verisimile
850 1117 905 1152 est
937 1126 982 1150 ne
1019 1114 1138 1160 ipsum
1176 1114 1318 1161 quidem
1359 1115 1456 1151 omni
1488 1114 1607 1151 studio

168 1180 278 1225 atque
301 1178 357 1214 ira
381 1179 536 1214 liberum
560 1178 680 1222 fuisse,
704 1180 827 1214 tamen
852 1189 932 1213 eam
962 1177 1008 1213 ob
1033 1188 1179 1221 causam
1195 1176 1311 1224 magis
1336 1176 1368 1212 ei
1394 1177 1609 1212 credendum

168 1241 233 1287 est,
271 1239 356 1286 quia
380 1251 453 1275 non
494 1239 660 1276 consulto
694 1239 839 1286 singula
879 1251 972 1286 quae
998 1239 1167 1285 proderet
1205 1238 1253 1274 ad
1277 1249 1380 1274 suam
1406 1238 1608 1283 opinionem

167 1300 454 1336 accommodasse
480 1302 517 1336 et
543 1302 793 1347 commutasse,
827 1301 889 1336 sed
913 1300 1125 1346 plerumque
1152 1300 1246 1335 solas
1272 1311 1329 1335 res
1355 1302 1475 1346 gestas
1500 1311 1609 1346 quam

167 1360 352 1398 verissime
378 1364 500 1408 posset
524 1361 669 1398 videtur
691 1361 885 1399 rettulisse.

268 1422 344 1458 Nec
368 1422 486 1459 minus
512 1425 635 1469 aperte
667 1423 889 1469 Theopompi
914 1421 1067 1470 vestigia
1094 1422 1409 1469 deprehenduntur
1436 1423 1475 1458 in
1502 1423 1532 1457 D
1546 1423 1559 1458 i
1572 1434 1608 1459 0-

168 1483 280 1519 dori
305 1484 514 1520 narratione
540 1486 585 1531 (0.
613 1478 775 1534 68—69,
803 1484 859 1533 4),
894 1498 987 1533 quae
1014 1497 1095 1522 cum
1124 1485 1287 1522 Cornelio
1314 1486 1505 1529 consentit,
1541 1485 1610 1521 nisi

167 1546 262 1591 quod
299 1546 338 1581 in
371 1546 551 1582 nonnullis
583 1546 670 1582 ordo
706 1558 827 1581 rerum
863 1548 1015 1592 paulum
1049 1550 1231 1590 mutatus,
1264 1548 1437 1583 nonnulla
1472 1533 1607 1589 addita,

166 1608 341 1645 nonnulla
365 1609 498 1645 omissa
523 1610 630 1653 sunt3
666 1608 705 1644 in
729 1608 860 1655 quibus
883 1609 990 1646 rebus
1016 1609 1223 1655 saepissime
1258 1609 1429 1646 differunt
1452 1610 1548 1646 inter
1572 1621 1609 1645 se

165 1670 404 1716 complurium
429 1671 646 1716 scriptorum
670 1669 897 1707 narrationes
932 1683 975 1707 ex
1007 1671 1131 1707 eodem
1167 1671 1267 1706 fonte
1309 1671 1473 1710 haustae.
1525 1671 1609 1707 Dio·

165 1731 275 1767 dorus
299 1732 526 1770 accuratiora
558 1732 673 1768 tradit
714 1732 757 1768 de
792 1730 977 1768 homin'um
1014 1732 1257 1775 multitudine,
1284 1743 1377 1778 quae
1404 1732 1608 1768 convenerit

164 1792 203 1827 in
239 1792 432 1828 Piraeum:
468 1793 619 1829 feminas
659 1793 837 1842 infantes,
868 1794 1001 1830 liberos
1039 1805 1160 1830 servos
1200 1793 1434 1838 concurrisse,
1474 1793 1606 1829 multos

166 1853 278 1890 etiam
303 1866 346 1890 ex
371 1854 588 1902 peregrinis;
624 1855 850 1891 Alcibiadem
887 1854 982 1891 enim
1017 1866 1099 1891 cum
1134 1854 1296 1890 ducentis
1333 1854 1486 1891 navibus
1512 1854 1606 1890 bello

169 1916 284 1962 captis
297 1928 499 1964 magnaque
515 1918 792 1964 captivorumet
806 1917 964 1964 praedae
976 1917 1208 1953 multitudine
1231 1917 1433 1960 advenisse;
1447 1917 1607 1963 ipsorum

165 1978 314 2014 classem
348 1979 459 2014 armis
486 1981 523 2015 et
559 1980 656 2015 omni
691 1991 819 2027 genere
847 1963 1044 2025 spoliorum
1073 1981 1240 2014 ornatam
1265 1978 1394 2021 fuisse;
1419 1978 1607 2024 plerosque

135 2066 142 2070 .
165 2042 287 2076 autem
302 2040 441 2077 venisse
466 2041 513 2077 ad
527 2041 646 2087 ipsum
665 2041 890 2077 Alcibiadem
908 2039 1153 2086 spectandum.
1199 2039 1405 2085 Sequuntur
1428 2039 1606 2084 quaedam

166 2101 299 2137 similia
313 2101 477 2138 Cornelio
497 2099 544 2138 de
557 2104 777 2139 commutato
791 2101 1065 2138 Atheniensium
1080 2101 1118 2136 in
1132 2101 1235 2136 illum
1251 2100 1388 2143 animm
1409 2100 1607 2136 admiratos

163 2163 258 2199 enim
282 2175 364 2199 eum
382 2175 458 2199 esse
479 2167 514 2199 et
540 2164 728 2210 primores,
750 2164 813 2210 qui
825 2164 1089 2200 existimassent
1116 2164 1190 2199 eius
1213 2163 1346 2199 auxilio
1365 2159 1465 2209 vulgi
1483 2174 1606 2209 super-

162 2224 260 2260 biam
277 2224 417 2261 domari
433 2236 548 2272 posse,
575 2227 613 2261 et
632 2225 783 2271 plebem,
797 2217 906 2271 ‘quae
927 2228 1105 2272 sperasset
1125 2225 1201 2261 fore
1223 2227 1264 2260 ut
1283 2225 1344 2260 ille
1367 2236 1489 2260 secum
1513 2236 1606 2260 rem-

161 2287 345 2332 publicam
371 2288 593 2331 perverteret
620 2288 656 2322 et
683 2288 880 2333 egestatem
906 2298 1009 2323 suam
1034 2287 1188 2329 levaret3
1216 2286 1254 2321 in
1288 2297 1358 2331 quo
1384 2285 1606 2332 Theopompi

163 2347 325 2384 studium
353 2359 438 2394 erga
465 2347 658 2393 optimates
693 2349 729 2384 et
762 2347 953 2384 inimicitia
978 2348 1013 2383 in
1040 2347 1212 2395 populum
1240 2349 1364 2393 aperte
1390 2350 1603 2386 cernuntur:

91 2411 93 2413 ’
163 2412 315 2456 apparet
341 2410 436 2446 enim
460 2410 572 2459 bonos
591 2410 672 2447 illos
699 2411 795 2447 cives
809 2422 884 2447 esse
910 2410 1114 2456 optimates,
1134 2409 1279 2453 alteros,
1307 2409 1369 2455 qui
1388 2409 1607 2455 reipublicae

1475 2482 1496 2513 3
