1755 2892
857 133 908 171 43

159 270 332 306 pompam
370 260 414 295 <10
447 260 618 306 pecuniae
648 260 771 307 inopia
803 261 995 298 tradidisse
1043 274 1153 309 supra
1198 262 1393 297 identidem
1428 247 1599 304 dixim'us,

160 320 463 368 (1118,Α1611116,ᾶ68
489 322 679 368 quominus
707 322 846 359 maiora
871 325 1060 359 conaretur
1092 324 1129 359 in
1164 325 1243 359 toto
1269 323 1332 358 1110
1370 320 1464 357 bello
1488 320 1600 365 impe-

161 382 259 418 ditus
284 382 344 421 sit.
395 382 557 429 Denique
597 383 660 419 illa
691 395 783 430 quae
820 384 862 419 de
895 385 1086 430 tyrannide
1120 386 1166 421 ab
1193 384 1380 421 Alcibiade
1404 381 1598 419 secundum

161 444 451 481 adversariorum
477 444 552 480 eius
577 445 780 491 opinionem
811 445 975 490 appetita
1010 437 1216 493 tra'duntur,
1256 445 1440 491 aptissime
1474 454 1598 480 conve-

159 504 265 541 niunt
304 516 384 541 cum
417 504 467 541 eis
509 517 600 551 quae
642 505 859 542 Plutarchus
910 506 988 542 Alc.
1020 519 1047 543 c.
1076 508 1124 544 34
1158 508 1204 544 ad
1234 507 1454 553 Theopompi
1487 504 1596 540 fidem

159 568 424 602 commemorat.
478 566 578 615 Ergo
614 578 695 602 eum
733 567 799 603 hae
825 568 916 603 duae
944 569 1169 605 narrationes
1206 569 1416 604 131011011θῇ
1442 566 1597 603 Cornelii

158 627 253 664 inter
281 638 318 663 sc
344 627 610 674 coniungendae
636 628 724 672 sint,
754 630 947 675 utrumque
983 629 1020 665 in
1045 630 1100 666 his
1125 643 1167 675 ex
1192 630 1419 676 Theopompo
1443 628 1598 675 pendere

159 690 306 725 auctore
332 688 437 724 facile
463 688 665 727 conieceris.

261 750 525 796 Oomprobatur
550 751 638 787 haec
676 754 786 798 quam
824 752 1039 804 protulimus
1080 752 1285 788 coniectura
1317 752 1449 788 collata
1482 749 1594 785 Plu-

157 813 268 847 tarc
281 811 328 846 111
365 811 574 848 narratione
615 824 706 859 quae
744 815 845 848 extat
882 825 917 851 v.
963 813 1064 851 Alc.
1104 825 1132 849 c.
1168 813 1230 852 35.
1275 814 1333 851 36.
1399 812 1514 855 Quam
1552 822 1593 846 ex

158 872 281 909 eodem
318 884 360 908 ex
394 876 464 920 q'uo
503 873 686 911 Cornelius
725 887 791 911 sua
826 875 948 912 hausit
983 872 1082 911 fonte
1119 887 1283 911 manasse
1316 874 1421 910 facile
1455 875 1509 909 est
1547 871 1593 908 ad

158 935 463 982 cognoscendum;
491 936 519 971 F
534 948 553 971 r
569 936 734 977 ickius
757 937 880 984 igitur,
923 949 1004 973 cum
1039 949 1081 972 ea
1106 949 1198 983 quae
1223 936 1404 982 superiore
1429 935 1546 981 capite
1572 945 1596 969 a

157 996 353 1032 Plutarcho
388 997 526 1040 tradita
564 1000 665 1041 sunt,
706 997 851 1044 Ephoro
886 998 1085 1042 tribuisset,
1122 1001 1314 1045 utramque
1350 996 1594 1033 narrationem

157 1058 204 1093 ad
244 1057 394 1094 eundem
431 1058 654 1094 referendam
703 1071 778 1096 esse
820 1060 1021 1096 arbitratus
1061 1063 1124 1097 est.
1180 1060 1283 1103 Quod
1320 1057 1509 1105 quominus
1541 1057 1595 1093 ita

129 1161 131 1163 ¹
156 1120 361 1155 statuamus
386 1119 424 1154 id
448 1119 567 1165 ipsum
590 1121 724 1165 obstat,
751 1122 847 1168 quod
872 1123 952 1157 tota
977 1121 1130 1157 Cornelii
1157 1121 1200 1157 de
1226 1120 1412 1156 Alcibiade
1432 1114 1594 1155 narratio

157 1181 291 1229 optime
316 1181 411 1217 inter
434 1194 470 1217 se
497 1182 664 1218 cohaeret
698 1185 735 1218 et
760 1195 852 1229 quae
878 1178 945 1219 hoc
971 1184 1049 1218 loco
1076 1173 1273 1218 traduntur
1307 1184 1430 1227 aperte
1470 1181 1518 1231 ad
1552 1191 1594 1215 ea

158 1244 323 1288 spectant
349 1254 441 1289 quae
469 1254 499 1281 c.
527 1243 551 1279 4
577 1243 822 1290 proferuntur.
877 1244 967 1280 Tum
999 1244 1029 1279 si
1056 1245 1152 1279 recte
1178 1244 1331 1279 diximus
1357 1254 1386 1281 6.
1415 1242 1463 1279 34
1488 1241 1594 1277 finem

160 1316 202 1340 ex
228 1304 457 1351 Theopompo
485 1307 668 1351 sumptum
695 1318 781 1354 esse,
824 1319 865 1343 ex
900 1307 980 1353 ipsa
1016 1319 1136 1342 rerum
1172 1304 1421 1342 coniunctione
1446 1306 1597 1350 apparet

156 1356 299 1403 initium
329 1378 358 1406 c.
387 1367 433 1405 35
462 1367 508 1403 ad
535 1368 685 1404 eundem
710 1368 937 1405 referendum
963 1381 1057 1412 esse;
1085 1370 1278 1415 postquam
1299 1367 1394 1404 enim
1415 1366 1597 1413 superiore

157 1429 274 1475 capite
301 1428 454 1465 tradidit
478 1430 668 1466 nonnullos
698 1430 922 1466 Alcibiadem
947 1431 1159 1468 adhortatos
1200 1442 1275 1466 esse
1300 1431 1343 1465 ut
1367 1428 1596 1475 tyrannidem

157 1492 331 1537 captaret,
357 1491 424 1527 hoc
450 1491 567 1537 capite
589 1491 677 1527 dicit
701 1491 899 1528 Alcibiadis
937 1492 1162 1528 adversarios
1203 1491 1357 1539 veritos,
1399 1502 1443 1526 ne
1470 1488 1602 1526 reverav

157 1564 235 1587 eam
260 1555 463 1598 usurparet,
491 1553 668 1589 studuisse
692 1555 734 1588 ut
765 1565 874 1600 quam
901 1554 1083 1589 celerrime
1110 1554 1156 1588 ab
1183 1555 1272 1589 urbe
1298 1553 1595 1599 proficisceretur.

156 1612 244 1650 Inde
270 1625 362 1661 quae
389 1616 588 1661 sequuntur
614 1626 656 1652 60
683 1614 759 1651 8010
784 1615 953 1650 differunt
978 1626 1000 1650 a
1027 1614 1199 1658 Cornelio,
1235 1614 1333 1661 quod
1358 1614 1469 1650 etiam
1492 1624 1596 1659 aper-

154 1675 228 1711 tius
269 1675 488 1722 Theopompi
526 1676 742 1712 sententiam
783 1676 1010 1723 significant3
1063 1677 1179 1712 tradit
1237 1676 1330 1712 enim
1378 1675 1595 1711 Plutarchus

154 1737 325 1783 pecuniae
372 1738 495 1784 inopia
546 1737 769 1774 Alcibiadem
818 1749 924 1784 saepe
963 1739 1127 1774 coactum
1176 1749 1251 1773 esse
1301 1736 1595 1783 praedationibus

154 1798 289 1835 victum
315 1799 486 1835 exercitui
501 1811 682 1847 quaerere,
710 1799 855 1846 eiusque
877 1800 929 1835 rei
953 1800 1051 1836 cives
1070 1812 1200 1846 parum
1225 1800 1402 1836 rationem
1415 1799 1593 1846 habuisse,

155 1872 235 1897 cum
262 1872 342 1896 eum
367 1861 493 1896 statim
520 1861 646 1896 Chium
672 1863 708 1896 et
739 1863 856 1897 totam
887 1861 1033 1897 doniam
1070 1863 1359 1908 expugnaturum
1395 1864 1592 1906 sperarent.

156 1921 292 1959 Deinde
318 1934 389 1959 11011
414 1922 580 1959 convenit
609 1934 690 1959 cum
710 1922 871 1959 Cornelio
898 1925 934 1959 et
959 1917 1130 1970 Diodoro,
1161 1923 1257 1969 quod
1283 1923 1350 1959 hoc
1376 1923 1453 1958 loco
1471 1933 1593 1969 pugna

156 1983 203 2018 ad
235 1984 387 2021 Notium
425 1985 613 2020 commissa
654 1985 836 2028 traditur3
875 1985 936 2020 sed
976 1996 1086 2030 supra
1126 1985 1282 2020 vidimus
1314 1990 1457 2031 pugnae
1496 1984 1593 2018 1111118

153 2046 365 2082 memoriam
390 2057 432 2082 ex
451 2046 596 2093 Ephoro
623 2046 786 2083 additam
812 2058 897 2085 esse.
951 2046 1088 2083 Deinde
1114 2058 1205 2093 quae
1233 2046 1412 2083 Diodorus
1438 2044 1594 2083 tradidit

155 2097 199 2143 de
222 2108 511 2144 adversariorum
538 2109 613 2144 eius
633 2108 839 2152 calumniis,
868 2120 909 2144 ea
942 2109 1144 2144 accuratius
1183 2109 1410 2154 persequitur
1446 2107 1594 2143 Plutar-
1611 2146 1628 2158 s

155 2169 242 2205 chus
268 2181 296 2205 c.
325 2169 399 2213 365
427 2169 591 2205 nominat
616 2169 709 2205 enim
735 2181 852 2205 unum-
875 2181 917 2205 ex
945 2169 1160 2206 adversariis
1186 2169 1452 2215 Thrasybulum
1478 2168 1593 2204 Thra-

158 2229 254 2266 sonis
283 2230 408 2274 filium,
450 2230 549 2266 cuius
575 2230 611 2265 in
636 2228 861 2267 Alcibiadem
898 2231 1163 2266 criminationes
1203 2231 1291 2266 satis
1330 2242 1459 2278 graves
1483 2232 1592 2266 sunt:

155 2290 382 2328 Alcibiadem
422 2302 531 2328 naves
574 2291 656 2328 illas
699 2292 896 2338 perdidisse
937 2291 983 2340 ἐι]
998 2306 1024 2327 τ
1040 2305 1059 2339 ρ
1073 2306 1097 2327 v
1112 2297 1143 2340 φ
1159 2294 1192 2327 05
1202 2305 1221 2328 ν
1236 2305 1263 2326 τ
1278 2304 1303 2326 α
1344 2305 1371 2327 τ
1385 2295 1410 2342 vj
1447 2290 1472 2328 ά
1489 2306 1510 2341 ρ
1526 2306 1552 2342 χ
1570 2296 1596 2343 ‘J

156 2351 244 2388 καὶ
271 2349 677 2402 παραδιδόντα
715 2350 813 2395 τήν
852 2352 1186 2402 στρατηγίαν
1218 2351 1520 2402 ἀνθρώποις
1545 2355 1593 2391 ἐκ

113 2424 119 2427 “
154 2411 340 2453 πότων
390 2413 491 2451 καὶ»
525 2418 776 2457 ναυτικῆς
831 2414 1235 2464 σπερμολογίας
1288 2413 1591 2466 δυναμένοις
