1755 2892
876 170 925 208 10

169 296 283 332 tarchi
324 297 367 332 de
399 296 455 333 his
490 298 596 334 rebus
627 296 809 337 iudicium.
864 299 966 343 Quod
1001 298 1093 335 enim
1130 296 1354 334 Alcibiadem
1388 293 1485 341 apud
1509 293 1608 331 Just.

169 358 292 394 eodem
330 359 408 394 loco
447 359 589 395 laudari
625 372 696 406 quo
728 361 825 406 apud
866 361 970 398 Diod.
1004 362 1040 396 et
1079 359 1182 396 Corn.
1228 357 1391 393 Frickius
1434 367 1517 402 pag.
1555 356 1602 392 65

170 419 267 463 dicit,
294 420 382 455 mihi
407 432 555 466 prorsus
580 421 689 457 aliter
723 433 780 457 res
822 434 859 458 se
897 422 1029 458 habere
1055 421 1215 462 videtur3
1252 431 1337 454 nam
1361 418 1465 454 Corn.
1491 416 1607 452 tradit

170 483 320 527 propter
362 482 590 527 praeclarum
628 482 809 530 ingenium
848 484 885 519 in
921 481 1286 520 Lacedaemoniorum
1314 478 1486 515 invidiam
1524 489 1605 513 eum

170 542 348 587 incidisse,
372 544 538 581 Justinus
563 545 750 590 splendida
777 545 889 591 ipsius
912 545 1042 592 indole,
1070 556 1145 591 qua
1170 546 1291 580 tamen
1305 540 1492 589 perfidiam
1504 551 1606 575 suam

171 606 207 639 et
234 605 431 650 nequitiam
456 606 515 642 vix
554 607 714 652 potuerit
739 606 974 651 dissimulare,
1008 607 1196 652 deceptum
1220 616 1296 641 esse
1320 601 1607 648 Tissaphernem.

169 665 341 712 Jtemque
384 667 481 713 quod
523 667 619 706 Just.
659 668 932 713 Tissaphernem
978 668 1066 704 dicit
1109 664 1399 703 Lacedaemoniis
1437 662 1608 700 suadente

169 725 357 764 Alcibiade
388 729 550 765 subsidia
581 729 794 773 detraxisse,
834 729 1002 779 congruit
1040 741 1121 766 cum
1161 728 1273 766 Thne.
1313 728 1350 764 et
1381 725 1491 769 Plut.,
1526 735 1606 760 cum

170 788 277 826 Diod.
319 792 355 825 et
379 790 483 827 Corn.
513 791 593 827 eius
621 791 674 827 rei
699 791 914 828 mentionem
939 803 1012 828 non
1037 791 1195 835 faciant3
1230 792 1267 826 et
1290 800 1383 837 quae
1409 787 1607 835 sequuntur

173 851 283 886 etiam
309 852 457 897 propius
483 864 593 898 quam
618 852 714 890 Plut.
742 854 853 888 verba
878 853 924 888 ad
951 854 1061 889 Thuc.
1088 853 1273 889 accedunt.
1323 851 1514 886 Praeterea
1534 859 1562 884 c.
1583 847 1605 883 3

167 911 375 949 Alcibiades
413 913 573 960 graviter
615 914 842 961 vituperatur
872 917 1021 961 propter
1063 927 1105 951 ea
1140 926 1231 961 quae
1265 926 1346 950 cum
1371 909 1605 958 optimatibus

167 974 300 1020 egerit:
343 974 439 1020 quod
471 977 507 1010 et
532 975 650 1020 ipsum
685 987 765 1011 cum
805 976 907 1012 Corn.
936 976 1080 1012 minime
1113 975 1288 1022 convenit,
1313 973 1496 1020 aptissime
1523 982 1604 1007 cum

167 1034 264 1073 Plut.
293 1037 329 1071 et
355 1035 466 1074 Thuc.
520 1036 682 1083 Denique
709 1049 800 1083 quae
829 1039 978 1073 exeunte
1010 1037 1127 1084 capite
1152 1036 1347 1073 traduntur
1382 1034 1426 1070 de
1451 1031 1607 1079 epistula

167 1097 330 1133 Athenas
370 1096 499 1141 nfissa,
533 1098 619 1134 licet
648 1110 768 1135 errore
807 1101 896 1135 nata
934 1111 1009 1136 esse
1041 1099 1195 1146 possint,
1236 1099 1331 1134 certe
1364 1096 1479 1143 magis
1522 1106 1602 1131 con-

166 1158 315 1193 veniunt
339 1169 420 1194 cum
445 1158 544 1195 Plut.
571 1171 681 1206 quam
706 1171 788 1196 cum
814 1160 976 1196 Cornelio
1004 1160 1243 1207 Diodoroque.

270 1220 355 1256 Jam
381 1222 535 1267 apparet
567 1221 675 1257 etiam
713 1222 862 1259 Diodori
896 1223 960 1259 illa
994 1234 1023 1261 0.
1052 1223 1115 1261 34.
1143 1222 1191 1260 36
1206 1250 1216 1270 ‚
1253 1222 1297 1257 de
1334 1220 1465 1268 quibus
1491 1229 1602 1264 snpra

168 1281 306 1316 dictum
345 1284 409 1324 est,
442 1281 488 1316 ad
526 1282 618 1318 hanc
656 1283 879 1332 relationem,
923 1295 997 1320 non
1029 1284 1076 1319 ad
1110 1283 1265 1320 alteram
1289 1282 1390 1318 illam
1415 1278 1602 1317 referenda

165 1353 251 1378 esse.
304 1341 359 1378 Ac
384 1342 537 1379 fortasse
578 1344 674 1390 quod
714 1356 744 1382 c.
772 1345 821 1382 34
859 1342 952 1382 falso
986 1346 1286 1382 commemoratur
1319 1344 1362 1380 de
1397 1342 1515 1380 tribus
1540 1352 1601 1376 ur-

164 1403 270 1439 bibus
306 1415 397 1450 quae
436 1405 483 1439 ab
518 1404 796 1442 Atheniensibus
835 1406 1038 1452 defecerint,
1076 1419 1196 1444 errore
1235 1410 1355 1443 ortum
1392 1406 1446 1441 est
1476 1415 1519 1439 ex
1560 1412 1600 1437 eo

164 1465 261 1512 quod
293 1466 417 1502 Plut.
446 1478 476 1505 c.
511 1468 558 1504 24
594 1468 709 1504 tradit
748 1468 791 1505 de
828 1469 908 1506 aliis
933 1470 1050 1506 tribus
1079 1470 1241 1514 urbibus,
1269 1480 1362 1516 quae
1385 1465 1492 1504 simul
1518 1475 1599 1501 con-

165 1527 286 1562 silium
324 1527 541 1564 desciscendi
573 1529 744 1575 ceperint.
808 1530 909 1573 Quae
945 1534 1066 1568 autem
1096 1532 1291 1568 traduntur
1321 1542 1351 1567 o.
1379 1530 1438 1573 36,
1467 1529 1502 1571 5,
1527 1527 1597 1562 iam

166 1600 246 1624 cum
281 1600 311 1627 c.
339 1589 386 1627 37
427 1590 674 1638 coniungenda
712 1602 787 1628 esse
821 1591 1006 1638 videntur,
1050 1594 1135 1641 quia
1173 1605 1215 1630 eo
1248 1593 1326 1629 loeo
1357 1591 1599 1629 trecentarum

165 1650 313 1686 navium
351 1649 397 1687 fit
423 1652 570 1695 mentio,
619 1664 712 1699 quae
741 1653 779 1688 in
813 1655 1043 1700 sequentibus
1068 1655 1245 1701 capitibus
1272 1653 1413 1700 saepius
1448 1662 1600 1688 comme-

164 1713 377 1748 morantur:
417 1713 515 1759 apud
541 1713 638 1751 Plut.
672 1714 767 1750 enim
791 1726 866 1752 non
904 1717 1084 1753 trecentae
1108 1716 1170 1753 sed
1196 1717 1338 1753 centum
1364 1716 1400 1752 et
1423 1713 1599 1761 quinqua-

163 1774 267 1820 ginta
293 1786 403 1811 naves
428 1775 538 1812 fuisse
572 1777 780 1816 traduntur.
834 1778 1011 1821 Quoniam
1048 1779 1161 1826 igitur
1191 1778 1259 1815 hoc
1295 1778 1374 1823 ipso
1399 1776 1477 1812 loco
1501 1773 1597 1822 (init.

166 1837 186 1879 fi
221 1834 265 1880 6)
311 1847 432 1871 rerum
470 1837 632 1873 ordinem
672 1839 1026 1884 perturbatissimum
1060 1851 1135 1876 esse
1177 1839 1250 1875 iam
1283 1848 1393 1885 supra
1432 1835 1598 1882 diximus,

164 1896 355 1934 verisimile
381 1901 436 1935 est
461 1899 499 1935 id
524 1911 565 1936 eo
591 1899 728 1936 factum
754 1913 840 1945 esse,
868 1903 954 1948 quia
967 1903 1148 1939 Diodorus
1173 1903 1219 1937 ab
1246 1902 1360 1937 altero
1383 1900 1529 1935 auctore
1554 1896 1599 1932 ad

164 1958 320 1994 alterum
345 1960 543 1999 transierit.

266 2019 336 2057 Sed
376 2021 423 2058 ad
454 2021 554 2062 Plut.
591 2025 633 2060 ut
668 2023 827 2068 redeam,
869 2036 900 2064 c.
938 2025 987 2063 23
1034 2025 1178 2061 initium
1213 2037 1297 2061 cum
1333 2014 1601 2071 insequentibus

165 2083 344 2128 capitibus
379 2083 523 2119 videtur
564 2095 639 2120 esse
664 2085 961 2133 coniungendam.
1014 2086 1109 2122 Nam
1153 2086 1191 2121 in
1229 2086 1285 2122 his
1320 2096 1461 2132 quoque
1500 2084 1602 2130 ¹Plut.

166 2156 248 2180 cum
281 2144 487 2181 simillimus
524 2145 572 2181 sit
612 2145 830 2195 Thucydidi,
872 2147 1051 2194 discrepat
1068 2147 1268 2184 ¹nonnullis
1292 2147 1399 2184 rebus
1434 2158 1457 2182 a
1496 2145 1599 2183 Corn.

167 2205 359 2242 Praeterea
384 2207 482 2244 Plut.
510 2219 540 2245 c.
568 2208 615 2245 25
654 2219 735 2244 cum
770 2220 897 2245 causas
934 2209 1073 2256 afferat,
1100 2221 1163 2245 cur
1190 2209 1393 2245 Alcibiades
1418 2208 1465 2244 ad
1488 2207 1601 2243 Athe-

166 2266 304 2302 nienses
329 2277 454 2303 rursus
481 2267 641 2304 animum
656 2270 818 2319 verterit,
846 2270 951 2307 huius
969 2270 1098 2317 capitis
1117 2270 1237 2308 locum
1262 2271 1404 2308 videtur
1429 2270 1601 2317 spectare,

168 2341 239 2375 quo
272 2325 514 2366 παντάπασι
547 2334 617 2374 τῆς
649 2330 847 2380 πατρίδος
889 2329 1140 2379 ἀπεγνωκότα
1173 2346 1253 2369 eum
1286 2333 1373 2370 dicit
1413 2333 1461 2369 ad
1493 2332 1603 2367 Lace·

166 2390 372 2426 daemonios
410 2392 606 2429 transiisse.
667 2393 759 2428 Tum
798 2394 894 2439 quod
928 2394 1024 2430 Plut.
1061 2395 1175 2430 tradit
1208 2394 1432 2430 Alcibiadem
1464 2394 1604 2440 Argum

168 2463 204 2487 se
231 2451 434 2497 contulisse,
460 2452 497 2489 id
524 2465 638 2501 neque
666 2454 762 2501 apud
776 2454 887 2492 Thuc.
913 2467 1027 2503 neque
1052 2456 1148 2503 apud
1172 2456 1276 2495 Corn.
1305 2456 1449 2505 legitur.
1488 2453 1605 2491 Maior
