1755 2892
864 156 915 200 45

163 285 452 328 adversariorum
488 288 562 326 eius
602 289 639 326 in
663 290 820 326 exercitu
845 290 1018 327 invidiam
1046 289 1313 339 calumniasque
1340 292 1377 327 et
1403 287 1528 336 populi
1553 286 1604 324 in-

161 351 414 389 constantiam.
465 352 630 387 Ceterum
669 352 715 387 ab
742 352 792 388 eis
822 352 1041 399 criminibus,
1069 352 1198 398 quibus
1223 354 1370 399 privata
1405 351 1606 387 Alcibiadis

161 414 239 451 vita
262 413 551 468 vituperabatur,
587 425 631 448 ne
655 424 677 448 a
700 413 931 459 Theopompo
958 413 1103 459 quidem
1128 425 1209 448 eum
1235 425 1383 460 prorsus
1421 413 1605 451 defensum
1665 410 1667 415 “

162 486 237 511 esse
263 473 384 520 colligi
420 476 541 519 potest
574 486 615 510 ex
654 474 837 510 Diomedis
870 474 936 510 illa
972 475 1213 519 accusatione,
1251 476 1351 511 cuius
1387 474 1605 510 mentionem

162 535 248 572 fecit
273 535 455 571 Diodorus
482 536 541 579 74,
569 536 604 573 3.
631 536 656 571 4
670 535 711 584 ι).
763 535 891 582 Itaque
928 547 1021 581 quae
1045 536 1147 572 addit
1173 536 1352 573 Diodorus
1377 535 1604 571 Alcibiadem

161 596 324 634 timuisse
360 594 511 645 μήποτε
545 592 680 645 καιρόν
728 593 916 641 λαβόντες
959 594 1150 639 Ἀθηναῖοι
1205 595 1393 646 τιμωρίαν
1437 597 1603 633 {nebeim

161 655 322 694 πάντων
362 654 412 693 ὦν
446 656 496 699 εἰς
532 654 680 698 αὐτούς
721 653 906 705 ἐξήμαρτε
961 660 997 693 et
1036 669 1115 693 eam
1156 659 1202 693 ab
1241 670 1384 694 causam
1429 659 1524 694 ultro
1564 658 1603 693 in

162 718 307 756 exilium
334 715 475 762 abiisse,
504 718 551 754 ad
577 717 654 754 sola
679 718 842 764 privatae
866 717 963 755 vitae
987 720 1136 765 peccata
1161 721 1322 764 spectare
1346 719 1526 757 videntur.

260 791 345 826 Jam
371 790 414 827 de
440 790 490 826 eis
516 801 608 836 quae
631 790 865 826 Justinus
903 790 1013 826 habet
1050 791 1073 828 l.
1103 791 1146 826 V.
1175 802 1205 828 c.
1232 792 1266 838 4,
1295 794 1316 828 5
1341 792 1465 837 paucis
1492 802 1599 837 agere

160 853 262 888 licet:
289 851 461 897 pleraque
487 851 583 887 enim
610 848 816 887 confusiora
841 853 926 887 sunt
961 863 1070 897 quam
1108 852 1238 897 quibus
1265 853 1420 887 multum
1447 852 1599 887 adinve-

161 924 242 948 mur
268 913 315 948 ad
340 912 495 959 vestigia
525 914 716 948 auctorum
752 912 980 959 indaganda;
1019 914 1141 948 tamen
1177 913 1286 948 etiam
1317 925 1409 959 quae
1434 913 1493 948 ille
1518 923 1601 958 pro-

160 973 253 1009 didit
277 974 435 1019 plurima
461 973 508 1009 ad
533 973 718 1018 Ephorum
748 974 785 1008 et
810 970 1082 1018 Theopompum
1109 963 1294 1009 referenda
1318 985 1393 1009 esse
1418 974 1600 1011 videntur.

160 1036 280 1082 Atque
306 1046 336 1074 c,
364 1035 388 1070 4
415 1034 561 1080 quidem
588 1045 680 1080 quae
708 1034 751 1069 de
776 1045 864 1080 pace
890 1045 913 1069 a
935 1033 1227 1070 Lacedaemoniis
1251 1036 1367 1080 petita
1393 1034 1517 1077 tradit,
1553 1045 1597 1071 ex

159 1097 387 1142 Theopompo
412 1107 578 1132 manasse
602 1097 771 1142 apparet;
803 1095 841 1130 in
879 1094 1009 1142 quibus
1049 1107 1089 1131 eo
1118 1095 1294 1141 imprimis
1321 1108 1402 1132 cum
1437 1096 1598 1132 Diodoro

158 1158 335 1205 congruit,
363 1157 461 1203 quod
487 1156 574 1192 dicit
598 1167 725 1202 pacem
759 1156 861 1192 illam
898 1168 942 1191 ne
977 1156 1182 1201 acciperent
1216 1156 1451 1198 Athenienses
1490 1168 1599 1202 opera

159 1232 283 1256 eorum
308 1219 472 1255 effectum
498 1230 585 1262 esse,
620 1218 796 1264 quibus
832 1229 883 1254 ea
922 1229 1000 1254 res
1035 1220 1284 1264 quaestum
1323 1219 1599 1264 praeberet

160 1280 222 1326 (cf.
249 1280 401 1315 Diodori
425 1279 536 1315 verba
563 1280 598 1314 οῖ
624 1277 665 1314 δὲ
690 1280 965 1327 πολεμοποιεῖν
993 1277 1172 1321 εἰωθότες
1198 1277 1285 1313 καὶ
1321 1273 1421 1320 τοὶς
1451 1278 1505 1321 δη
1520 1293 1544 1326 μ
1561 1294 1599 1313 12-

160 1340 283 1383 σίας
319 1337 544 1388 ταραχὰς
581 1338 718 1381 ἰδίας
758 1336 1060 1386 ποιούμενοι
1099 1335 1393 1386 προσόδους
1431 1336 1597 1388 ζῖροῦντο

157 1400 229 1438 τὸν
255 1397 450 1449 πόλεμον).
503 1400 665 1446 Itemque
691 1399 912 1445 Theopompi
954 1410 1054 1434 mens
1093 1398 1319 1446 cognoscitur
1357 1400 1395 1434 in
1435 1399 1598 1436 omnibus

158 1475 250 1511 quae
276 1463 320 1498 de
347 1461 546 1498 Alcibiadis
572 1461 610 1496 111
637 1461 764 1497 urbem
788 1460 908 1496 reditu
932 1460 1139 1495 traduntur.
1192 1460 1330 1496 Deinde
1356 1463 1476 1497 autem
1502 1471 1594 1507 quae

97 1541 99 1543 ·
158 1537 177 1561 c
216 1527 238 1563 5
281 1525 327 1561 de
352 1523 541 1559 Alcibiade
576 1523 622 1559 ab
647 1522 798 1568 imperio
837 1524 976 1557 remoto
1016 1524 1155 1569 narrat,
1195 1523 1345 1567 paulum
1381 1522 1551 1558 differunt
1576 1534 1599 1558 a

158 1586 318 1623 Diodoro
345 1585 506 1621 Cornelio
535 1583 740 1621 Plutarcho.
794 1583 842 1619 Et
868 1594 910 1618 ea
936 1582 1081 1629 quidem
1112 1594 1205 1629 quae
1247 1583 1291 1619 de
1323 1595 1446 1631 pugna
1477 1584 1600 1631 aliqua

156 1648 290 1684 infelici
315 1647 419 1683 addit
444 1649 567 1681 utrum
594 1646 642 1681 ad
665 1656 825 1691 pugnam
850 1644 897 1679 ad
923 1644 1073 1680 Notium
1099 1642 1234 1680 factam
1262 1656 1309 1680 an
1335 1646 1382 1681 ad
1408 1645 1598 1691 Cymaeam

155 1709 342 1745 referenda
367 1708 457 1751 sint,
498 1718 571 1742 non
610 1706 699 1742 satis
725 1706 863 1752 liquet;
904 1716 997 1751 quae
1038 1707 1159 1740 autem
1184 1706 1300 1741 tradit
1320 1706 1364 1741 de
1393 1707 1510 1742 causis
1535 1718 1599 1742 cur

155 1769 390 1805 Athenienses
428 1767 609 1803 Alcibiadi
648 1766 839 1812 imperium
864 1767 1131 1813 abrogaverint,
1180 1779 1253 1803 non
1286 1768 1376 1803 satis
1416 1768 1598 1814 quadrant

155 1831 203 1865 ad
228 1830 448 1875 Theopompi
473 1828 711 1870 sententiam;
752 1839 823 1873 quo
862 1828 940 1863 loco
974 1839 1055 1863 cum
1092 1828 1190 1863 dicat
1226 1829 1412 1871 „omnia
1447 1829 1502 1863 in
1545 1839 1564 1864 6
1578 1840 1599 1864 0

157 1890 438 1928 credibilia
464 1889 648 1925 fecisse
673 1888 902 1935 vigorem
939 1888 1130 1935 ingenii
1170 1891 1215 1925 et
1249 1902 1436 1926 morum
1462 1890 1599 1925 luxu-

155 1964 175 1988 r
189 1952 203 1987 i
216 1952 320 1996 am“‚
345 1951 530 1997 Ephorum
548 1950 750 1985 adhibitum
775 1961 851 1985 esse
876 1950 1023 1993 conicio,
1050 1950 1115 1996 qui
1139 1951 1249 1986 etiam
1275 1951 1313 1985 in
1336 1951 1389 1986 eis
1411 1949 1599 1985 Plutarchi

155 2014 346 2060 capitibus,
372 2024 464 2059 quae
490 2023 600 2057 supra
625 2010 680 2047 illi
703 2011 895 2046 tribuenda
921 2022 996 2047 esse
1023 2011 1187 2059 diximus,
1235 2010 1337 2047 illum
1370 2011 1459 2047 facit
1483 2010 1596 2047 fuisse

156 2074 335 2111 hominem
360 2084 491 2120 magna
514 2072 694 2113 industria
726 2074 763 2107 et
789 2072 851 2118 qui
876 2073 993 2108 multa
1022 2073 1161 2109 efficere
1187 2074 1325 2119 posset,
1362 2075 1402 2107 at
1447 2072 1598 2107 eundem

157 2135 337 2172 hominem
362 2133 584 2170 inconstanti
609 2135 646 2186 et
670 2133 846 2175 dissoluto
875 2133 1032 2180 ingenio,

248 2387 272 2429 ¹)
295 2387 431 2420 Similia
453 2386 497 2419 de
520 2395 561 2419 ea
582 2383 689 2418 refert
711 2383 918 2417 Plutarchus
941 2383 1015 2417 Alc.
1041 2382 1091 2422 12,
1125 2393 1212 2426 quae
1240 2393 1283 2417 ex
1305 2381 1426 2417 eodem
1449 2383 1595 2416 auctore

158 2443 298 2485 sumpta
321 2452 393 2476 esse
415 2440 597 2484 probabile
619 2441 682 2474 est.
740 2472 743 2474 r
