1755 2892
860 148 908 187 12

157 287 243 311 usus
281 276 329 311 sit
368 278 514 312 auctore
553 288 623 322 quo
665 276 770 315 Corn.
797 290 826 317 c.
855 279 965 315 3—5.
1021 278 1113 313 Sane
1145 278 1263 323 prima
1297 277 1441 324 quidem
1479 278 1594 324 specie

158 336 344 373 Plutarchi
381 337 543 374 narratio
591 337 753 376 Cornelio
793 340 937 377 minime
977 338 1161 377 simillima
1206 341 1271 384 est,
1311 352 1393 376 curn
1420 342 1456 377 et
1479 340 1595 377 multa

156 399 229 435 sint
254 399 351 445 apud
376 399 473 438 Plut.
501 411 593 446 quae
619 399 704 436 non‘
724 401 954 438 inveniantur
983 401 1080 447 apud
1097 401 1214 449 Corn„
1241 403 1277 437 et
1302 402 1474 438 nonnulla
1499 402 1595 449 apud

159 459 263 497 Corn.
303 460 498 497 tradantur
536 472 630 508 quae
669 473 743 498 non
783 465 906 500 extent
947 463 1044 509 apud
1070 462 1192 500 Plut.:
1233 464 1354 499 tamen
1379 474 1493 510 neque
1518 463 1594 499 ullo

157 521 236 558 loco
265 523 407 559 diversa
421 523 516 559 inter
542 534 579 558 se
604 523 766 568 tradunt,
795 526 831 560 et
855 524 1045 568 nonnullis,
1069 535 1161 571 quae
1187 535 1210 559 a
1237 524 1363 561 ceteris
1379 524 1595 571 discrepant,

159 583 344 629 aptissime
370 586 584 631 congruunt.

260 645 330 681 Sed
361 646 434 681 iam
473 646 615 693 singula
640 646 898 692 perlustramus
960 647 1010 682 Jn
1048 657 1079 684 c.
1111 647 1157 684 18
1195 657 1277 682 cum
1313 647 1386 683 alia
1422 647 1596 684 nonnulla

158 706 377 753 Thucydidis
401 708 603 744 narrationi
630 708 757 744 addita
789 710 875 744 sunt
901 706 1033 756 (veluti
1060 707 1157 755 quod
1181 707 1341 744 traditur
1365 708 1409 744 de
1434 708 1595 752 Adoniis,

157 768 254 814 quod
285 768 379 805 idem
416 771 587 804 narratur
623 780 646 804 a
688 767 786 805 Plut.
829 767 911 806 Nic.
945 770 1002 813 13,
1044 769 1107 804 ubi
1137 766 1291 805 fortasse
1331 769 1426 805 idem
1470 771 1596 806 auctor

157 830 342 866 adhibitus
368 831 449 877 est),
488 832 567 866 tum
610 842 702 876 quae
741 831 785 867 de
810 831 921 867 variis
948 832 1096 876 propter
1123 827 1262 866 facinus
1287 830 1377 866 illud
1405 831 1594 867 scelestum

155 881 419 937 suspicionibus
437 891 648 935 afferuntur,
672 903 694 928 e
719 892 850 938 quibus
876 886 914 927 ni
939 891 1047 927 fallor
1072 891 1185 937 ipsius
1199 891 1356 928 auctoris
1382 891 1595 929 sententiam

155 952 354 999 perspicere
379 953 476 991 licet.
528 952 682 989 Videtur
717 952 811 989 enim
841 953 1042 1001 significare
1077 965 1119 989 ea
1145 965 1238 1000 quae
1264 953 1363 991 facta
1386 955 1506 991 essent
1530 955 1595 990 aut

156 1026 283 1051 revera
319 1015 527 1052 Corinthiis
554 1015 694 1051 crimini
732 1016 851 1051 danda
892 1027 968 1051 esse
1008 1017 1073 1050 aut
1111 1015 1315 1061 aliquorum
1361 1013 1595 1051 ἀκολάστων

156 1072 248 1113 νέων
292 1076 342 1119 εἰς
388 1070 495 1126 ὕβριν
548 1076 585 1112 ἐκ
628 1075 789 1119 παιδιᾶς
832 1073 1154 1126 ὑποφερομένων,
1208 1079 1245 1113 et
1295 1077 1425 1114 stultos
1481 1075 1594 1113 fuisse

156 1138 338 1185 homines,
376 1149 529 1184 quorum
576 1137 687 1173 animi
729 1140 878 1183 propter
921 1138 1033 1173 talem
1077 1149 1153 1172 rem
1193 1139 1383 1182 tantopere
1428 1137 1597 1173 commoti

158 1200 285 1234 essent.
346 1198 382 1236 C.
427 1198 471 1235 19
520 1198 596 1233 iam
642 1198 802 1244 apertius
837 1198 1053 1245 perspicitur
1095 1197 1254 1235 auctoris
1294 1209 1393 1234 mens
1464 1197 1596 1234 Statim

158 1259 254 1294 enim
309 1259 355 1294 ab
406 1260 510 1295 initio
561 1260 760 1296 Androcles
814 1257 834 1295 ὁ
886 1255 1128 1308 δημαγωγὸς,
1182 1256 1382 1295 Alcibiadis
1429 1258 1466 1295 ἐν
1510 1263 1597 1301 τοῖς

160 1316 337 1367 μάλιστα
391 1321 577 1367 inimicus,
629 1333 711 1356 eum
757 1320 888 1356 dicitur
937 1330 1130 1363 accusasse,
1181 1322 1218 1356 et
1256 1330 1351 1366 quae
1400 1317 1597 1355 adversarii

158 1383 285 1418 contra
327 1394 409 1418 eum
446 1382 643 1418 machinati
676 1382 750 1418 sint
797 1382 851 1417 ita.
883 1382 1123 1428 explicantur,
1170 1383 1212 1417 ut
1262 1383 1438 1427 appareat
1474 1392 1597 1417 secun-

157 1443 243 1478 dum
268 1444 427 1481 auctoris
452 1444 666 1481 sententiam
688 1445 725 1480 et
749 1443 973 1480 Alcibiadem
998 1454 1147 1491 prorsus
1173 1443 1398 1480 innocentem
1423 1441 1534 1479 fuisse
1559 1444 1597 1479 et

158 1506 244 1541 solis
272 1507 348 1542 eius
374 1507 590 1543 adversariis
616 1507 759 1551 culpam
785 1506 1054 1541 attribuendam
1079 1517 1173 1548 esse;
1207 1505 1246 1540 id
1273 1504 1371 1551 quod
1395 1505 1463 1540 sub
1488 1504 1597 1540 finem

159 1566 288 1613 capitis
320 1567 513 1614 praecipue
554 1569 706 1614 apparet
744 1567 844 1603 velut
878 1565 933 1603 his
976 1566 1120 1603 verbis:
1184 1562 1271 1602 οὐκ
1311 1560 1536 1602 ἐλάνὲαν
1549 1577 1594 1601 εν

159 1626 181 1670 ἦ
224 1625 501 1671 κακοήθεια
554 1632 639 1670 τῆς
690 1625 946 1675 ἀναβολῆς
998 1626 1088 1664 τὸν
1127 1625 1240 1669 ’Al-x.
1293 1628 1329 1663 et
1372 1639 1481 1679 porro
1523 1627 1594 1663 his:

157 1687 383 1727 λύσαντι
420 1687 469 1725 δὲ
514 1688 593 1725 καὶ
635 1685 851 1738 φανέντι
895 1689 1096 1737 καθαρῷ
1137 1685 1427 1737 τρέπεσθαι
1471 1684 1595 1736 πρὸς

158 1747 284 1793 τούς
308 1749 580 1800 πολεμίους
607 1748 663 1799 μή
698 1746 954 1786 δεδοικότι
980 1746 1102 1792 τούς
1129 1745 1476 1797 συκοφάνταςι
1504 1761 1596 1796 quae

158 1811 344 1857 aptissime
370 1814 574 1859 congruunt
606 1824 687 1848 cum
728 1810 880 1847 Cornelii
927 1811 971 1847 de
1011 1811 1067 1847 his
1105 1811 1212 1846 rebus
1255 1810 1397 1854 iudicio,
1448 1810 1492 1846 de
1524 1822 1595 1857 quo

157 1884 269 1919 supra
294 1873 430 1909 dictum
460 1875 527 1911 est.
579 1873 634 1909 Ea
664 1884 806 1920 quoque
845 1883 937 1918 quae
975 1872 1019 1908 de
1050 1871 1197 1919 Argivis
1229 1873 1267 1908 et
1290 1871 1596 1908 Mantineonsibus

158 1934 342 1971 adduntur
366 1935 406 1970 id
441 1934 610 1971 videntur
645 1936 821 1981 spectare,
848 1935 892 1970 ut
916 1935 1093 1980 quantum
1118 1933 1323 1970 Alcibiades
1359 1933 1519 1980 potuerit
1554 1945 1596 1970 eo

156 1996 273 2043 magis
298 1996 543 2042 intellegatur.
588 1996 643 2031 Ex
667 1996 723 2031 his
749 1995 914 2031 omnibus
937 2006 1055 2041 pauca
1078 1997 1335 2031 commemorat
1358 1993 1598 2041 Thucydides,

155 2057 218 2104 qui
244 2069 326 2093 cum
350 2068 395 2093 ne
420 2068 549 2093 nomen
575 2056 720 2103 quidem
745 2057 938 2104 Androclis
974 2068 1015 2093 eo
1042 2056 1120 2092 loco
1139 2056 1268 2093 afferat
1292 2056 1356 2092 ubi
1382 2056 1426 2092 de
1452 2067 1596 2093 accusa-

156 2119 254 2155 tione
292 2119 357 2155 illa
391 2119 566 2166 loquitur,
600 2118 716 2154 obiter
747 2118 898 2155 eundem
937 2120 1194 2155 commemorat
1218 2118 1318 2162 VIII,
1346 2119 1415 2161 653
1440 2118 1598 2165 itemque

156 2180 247 2215 nihil
273 2180 428 2215 tradidit
452 2180 496 2215 de
530 2179 692 2215 Thessali
728 2177 962 2227 εἰσαγγελίᾳ.
1022 2178 1058 2214 C.
1100 2179 1149 2216 20
1184 2179 1282 2226 quod
1326 2179 1503 2226 Rhegium
1551 2179 1598 2215 ab

156 2241 344 2277 Alcibiade
370 2243 517 2287 captum
537 2252 613 2277 esse
627 2240 798 2285 traditur,
821 2252 942 2277 errore
956 2240 1054 2279 Plut.
1079 2239 1217 2276 factum
1231 2251 1307 2277 esse
1325 2240 1480 2279 videtur.
1507 2240 1599 2276 Tum

157 2314 252 2348 quae
289 2303 332 2337 de
365 2303 547 2339 renovatis
583 2302 622 2337 in
656 2313 737 2337 eum
763 2301 1025 2347 suspicionibus
1050 2301 1236 2345 dicuntur,
1263 2311 1413 2347 prorsus
1450 2301 1598 2337 eandem

153 2363 368 2400 sententiam
402 2363 570 2400 exhibent
606 2374 716 2410 quam
756 2374 799 2399 ea
838 2363 881 2399 de
924 2362 1055 2410 quibus
1093 2374 1204 2409 supra
1245 2362 1412 2402 diximus,
1475 2361 1598 2399 Etiam

153 2426 220 2462 hoc
265 2426 344 2462 loco
381 2426 597 2463 adversariis
635 2425 775 2462 crimini
808 2425 936 2470 datur,
971 2425 1068 2473 quod
1105 2425 1332 2462 innocentem
1372 2425 1597 2461 Alcibiadem
