1755 2892
855 203 905 241 38

152 323 189 359 et
214 322 347 359 iterum
372 333 453 358 cum
480 333 521 358 eo
548 321 675 358 ducem
693 320 832 357 factum
858 331 945 359 esse.
998 320 1027 356 P
1042 321 1056 356 l
1070 292 1262 371 utarchi
1287 322 1399 359 verba
1415 321 1467 369 (in
1484 334 1513 359 c.
1540 321 1620 368 35)⁴

154 380 421 431 συνάρχοντας
461 396 481 418 ο
494 376 543 424 ὓς
573 381 587 417 ε’
603 396 623 416 κ
634 395 649 417 ε
663 386 679 417 ῑ
689 396 708 419 ν
720 394 741 418 o
751 394 768 424 ς
810 379 830 423 ἢ
845 383 872 417 Ξ
886 379 932 417 έλ
942 395 962 424 η
976 395 1002 417 σ
1014 395 1029 417 ε
1040 396 1058 417 ν
1099 383 1367 419 accuratissime
1404 385 1616 431 congruunt.
1658 407 1665 412 -
1691 386 1694 389 ’

152 455 233 480 cum
258 444 419 480 Diodoro
448 438 715 491 (στρατηγούς
743 440 899 489 ἑτέρους
924 439 1007 485 οὓς
1036 442 1228 486 ἐκεῖνος
1268 440 1474 492 ἤθελεν),
1507 444 1607 481 simi-

151 500 307 553 literque
333 506 431 552 apud
457 504 661 541 Cornelium
685 503 773 539 haec
801 504 996 551 leguntur:
1032 507 1093 549 „et
1121 505 1196 551 ipse
1221 507 1441 553 postulasset
1465 508 1508 543 ut
1534 507 1604 543 duo

156 568 226 604 sibi
254 568 413 615 collegae
439 567 661 609 darentur“;
701 565 795 601 unde
828 565 902 600 Hu
917 577 940 613 g
979 566 1002 604 1,
1029 578 1056 602 s.
1086 578 1115 603 c.
1154 568 1300 616 collegit
1325 568 1545 616 Theopompi
1570 570 1607 605 et

153 629 511 676 Xenophontis
537 628 767 664 narrationes
792 627 860 663 hoc
896 628 975 664 loco
1002 639 1025 664 a
1055 628 1252 666 Plutarcho
1290 629 1384 665 inter
1412 642 1449 666 se
1473 630 1606 666 mixtas

154 703 250 735 esse3
279 691 341 727 sed
369 691 399 726 si
426 701 471 726 ea
495 689 740 739 similitudine,
768 700 861 735 quae
888 689 982 725 inter
1008 690 1245 735 Plutarchum
1273 693 1309 727 et
1335 681 1606 739 Xenophontem
1652 729 1656 732 ,

154 752 356 796 intercedit,
402 752 541 798 aliquid
567 751 792 798 efficeretur,
832 752 947 787 multo
991 753 1106 800 magis
1146 755 1238 789 esset
1270 765 1334 789 cur
1352 755 1607 791 ‘coniceremus

154 814 315 850 Diodo
330 827 383 850 ru
398 827 434 849 m
460 814 527 850 hoc
557 814 635 849 loco
660 813 935 859 Xenophontem
966 814 1215 860 exscripsisse3
1242 826 1327 850 nam
1358 827 1443 852 casu
1469 816 1606 852 factum

154 878 209 912 est
249 878 292 912 ut
329 876 396 912 hoc
435 877 513 912 loco
548 875 731 911 Diodorus
771 875 848 922 (qui
889 875 1159 921 Theopompum
1198 877 1364 923 sequitur
1403 877 1604 926 auctorem)

152 937 383 984 Xenophonti
410 937 518 973 etiam
546 936 698 973 similior
726 936 774 972 sit
808 948 917 982 quam
953 937 1171 973 Plutarchus
1214 938 1291 984 (qui
1327 939 1364 973 et
1389 938 1467 985 ipse
1492 938 1606 975 Theo-

154 1011 327 1046 pompum
353 996 549 1047 sequitur).

256 1062 311 1098 De
335 1073 458 1109 pugna
481 1060 579 1107 apud
596 1058 749 1096 Notium
770 1059 869 1095 sacta
894 1062 1068 1107 quattuor
1085 1063 1250 1098 servatae
1273 1064 1356 1099 sunt
1380 1062 1607 1099 narrationes

154 1123 416 1170 Xenophontis,
459 1122 623 1166 Diodori,
652 1122 744 1158 duae
771 1122 959 1158 Plutarchi
996 1122 1035 1157 in
1059 1134 1093 1160 v.
1121 1123 1200 1162 Alc.
1227 1126 1263 1160 et
1289 1125 1326 1161 in
1355 1138 1385 1162 v.
1416 1125 1501 1170 LyS,
1552 1124 1607 1160 Ac

154 1186 410 1221 Diodorus
450 1185 596 1230 quidem
635 1195 666 1222 c.
699 1185 757 1221 70.
787 1185 848 1221 71.
885 1184 922 1218 in
957 1184 1079 1219 multis
1117 1184 1242 1221 similis
1282 1188 1337 1221 est
1379 1185 1607 1232 Xenophonti

156 1257 185 1282 c.
215 1247 251 1290 5,
281 1247 342 1282 l·-
359 1246 418 1288 15,
447 1245 485 1280 in
511 1244 636 1280 multis
663 1245 709 1280 ab
736 1256 776 1281 eo
805 1245 996 1291 discrepat,
1049 1246 1212 1298 Primum
1245 1246 1338 1282 enim
1367 1247 1464 1293 apud
1488 1247 1606 1283 Xeno-

156 1308 329 1353 phontem
356 1307 446 1342 nihil
473 1318 598 1342 eorum
625 1305 808 1342 invenitur
843 1318 935 1352 quae
971 1306 1152 1342 Diodorus
1179 1307 1222 1341 de
1249 1306 1437 1355 ἑταιῖρίαις
1473 1308 1606 1353 Ephesi
1679 1303 1683 1305 ’

154 1368 336 1404 institutis
364 1368 475 1403 refert
538 1366 581 1401 In
618 1366 698 1412 ipsa
743 1378 866 1413 pugna
906 1367 1140 1403 describenda
1166 1379 1258 1414 quae
1302 1368 1518 1417 discrepant,
1558 1369 1605 1405 ad

157 1430 337 1467 diversam
363 1428 585 1475 Theopompi
612 1428 656 1464 de
690 1428 882 1464 Alcibiade
909 1429 1125 1464 sententiam
1154 1431 1279 1475 aperte
1307 1432 1495 1477 spectant;
1523 1421 1630 1477 nam*

156 1494 193 1527 et
228 1491 400 1527 Antiochi
439 1493 628 1536 peccatum
669 1489 817 1537 gravius
853 1490 1083 1536 vituperatur
1120 1493 1156 1526 et
1196 1502 1260 1526 cur
1297 1491 1481 1527 Alcibiadi
1521 1503 1611 1538 opus

155 1550 267 1589 fuerit
293 1564 315 1588 a
342 1553 455 1588 classe
482 1552 664 1588 discedere
700 1563 809 1587 causa
836 1552 995 1596 affertur,
1039 1552 1136 1599 quod
1173 1549 1403 1589 Clazomenae
1439 1554 1610 1600 oppidum

153 1615 434 1650 Atheniensibus
459 1613 615 1648 amicum
650 1613 697 1647 ab
731 1613 894 1648 exulibus
928 1614 1143 1659 quibusdam
1184 1616 1352 1650 vexatum
1390 1615 1460 1659 sit3
1497 1616 1608 1663 etiam

155 1676 252 1723 quod
277 1676 458 1711 Diodorus
483 1674 600 1710 tradit
626 1673 852 1709 Alcibiadem
878 1675 951 1710 iam
978 1663 1171 1722 antequam
1210 1675 1296 1711 illuc
1322 1676 1608 1722 proficisceretur

153 1738 294 1773 hostem
323 1738 369 1772 ad
390 1747 551 1783 pugnam
567 1747 791 1781 provocasse,
818 1734 859 1771 id
882 1736 1020 1771 frustra
1040 1748 1193 1783 quaeras
1211 1738 1307 1782 apud
1325 1724 1608 1786 Xenophontem,

153 1810 218 1834 nec
243 1798 361 1833 minus
385 1797 482 1843 quod
502 1796 563 1831 ille
583 1796 694 1831 addit
718 1798 802 1842 post
823 1796 1000 1842 proelium
1026 1795 1165 1833 factum
1191 1809 1270 1834 eum
1294 1810 1403 1845 quam
1429 1799 1612 1836 celerrime

154 1858 307 1896 Notium
334 1859 501 1895 rediisse:
527 1857 659 1903 quibus
686 1858 852 1894 omnibus
876 1861 1060 1894 auctorem
1087 1859 1134 1894 id·
1151 1859 1332 1895 studuisse
1358 1860 1525 1904 efficitur,
1566 1863 1610 1896 ut
1674 1860 1678 1862 ’

153 1921 382 1957 Alcibiadem
413 1931 523 1966 quam
549 1918 704 1953 maxime
741 1921 938 1954 excusaret.
991 1920 1034 1955 Id
1073 1932 1214 1967 quoque
1240 1921 1287 1956 ad
1315 1921 1537 1972 Theopompi
1564 1922 1607 1957 de

153 1982 344 2018 Alcibiade
368 1981 541 2016 iudicium
568 1979 754 2025 aptissime
781 1981 949 2026 quadrat,
990 1982 1086 2028 quod
1111 1982 1251 2027 profert
1276 1983 1503 2029 Lysandrum
1530 1994 1608 2019 eam

154 2045 200 2080 ob
228 2055 374 2080 causam
395 2054 523 2079 ausum
540 2053 615 2077 esse
635 2041 783 2088 aggredi
800 2042 1050 2087 Athenienses,
1078 2043 1163 2090 quia
1184 2047 1407 2091 compertum
1426 2044 1612 2081 habuisset

68 2138 78 2143 „
153 2106 380 2143 Alcibiadem
406 2105 543 2142 abesse.

255 2166 560 2204 Plutarchus
595 2176 629 2200 v.
658 2163 767 2209 Lys.
797 2175 826 2203 c.
855 2164 877 2201 3
905 2164 949 2201 de
974 2166 1163 2213 Lysandro
1199 2172 1222 2204 a
1247 2168 1546 2205 Lacedaemoniis
1572 2169 1610 2205 in

151 2231 279 2268 Asiam
305 2230 414 2266 misso
441 2238 534 2275 quae
559 2227 701 2273 narrat,
724 2227 801 2261 tam
828 2229 996 2264 accurate
1021 2232 1225 2276 congruunt
1251 2242 1331 2266 cum
1352 2230 1533 2274 Diodoro,
1567 2232 1610 2266 ut

156 2305 197 2331 ex
224 2293 349 2329 codem
382 2290 483 2328 fonte
520 2300 601 2325 eum
637 2286 799 2324 hausisse
839 2289 1019 2333 conicias3
1068 2290 1225 2339 itemque
1266 2304 1358 2338 quae
1394 2292 1500 2328 initio
1535 2292 1611 2329 eius

153 2355 282 2402 capitis
310 2353 435 2397 tradit,
476 2349 703 2399 apertissime
730 2352 895 2395 spectant
921 2352 966 2387 ad
995 2352 1218 2402 Theopompi
1257 2354 1359 2389 illam
1397 2353 1613 2389 sententiam

152 2417 196 2452 de
237 2418 337 2452 statu
375 2426 496 2451 rerum
540 2416 626 2460 post
668 2409 869 2448 Alcibiadis
903 2413 941 2447 in
979 2413 1252 2450 Atheniensium
1295 2417 1418 2461 partes
1457 2409 1613 2451 reditum

151 2490 299 2525 prorsus
326 2480 546 2524 commutato
574 2478 674 2526 (ἐπεὶ
830 2471 929 2524 μετά
958 2471 1029 2518 τήν
1047 2475 1093 2513 ,ἐν
1122 2477 1201 2515 Σικ.
1243 2479 1321 2513 τοῖν
1348 2474 1466 2519 ᾺΞην,
1498 2489 1610 2514 κακο-
