1755 2892
834 152 883 195 15

136 287 219 322 ante
243 287 352 333 caput
378 285 427 323 34
464 284 508 322 de
536 284 592 321 his
617 285 724 321 rebus
751 296 773 321 a
798 285 902 323 Diod.
929 286 1150 332 traduntur),
1189 287 1306 324 altera
1331 288 1429 334 apud
1453 288 1562 327 Corn.

113 348 214 386 ‘Ala
241 347 306 384 3-
316 348 351 391 5,
377 347 474 386 Plut.
497 347 575 384 Alc.
603 346 763 390 18-22,
789 346 897 386 Diod.
931 347 990 391 36,
1018 348 1153 392 5-38‚
1181 348 1214 393 2,
1242 349 1325 393 iam,
1367 351 1563 396 antequam

135 409 267 457 quibus
287 407 525 455 scriptoribus
548 408 613 444 has
635 407 831 445 relationes
848 408 1050 445 tribuamus
1069 409 1362 456 inquaestionem
1384 423 1562 455 vocemus,

133 473 249 508 restat
273 473 315 507 ut
338 470 426 518 quid
452 470 495 506 de
517 472 571 509 ,eis
594 470 748 506 seutiam
772 481 864 517 quae
888 473 1079 516 supersunt
1104 482 1217 517 usque
1239 471 1286 506 ad
1311 472 1414 508 finem
1443 473 1561 519 operis

133 532 353 580 Thucydidei
376 543 564 578 exponam.
614 531 711 568 Plut.
736 530 848 578 igitur
886 532 923 567 et
949 530 1051 569 Corn.
1094 533 1131 568 et
1168 532 1263 570 Just.
1304 533 1350 569 de
1384 533 1435 569 eis
1470 534 1560 570 nihil

132 594 369 638 tradiderunt,
395 593 501 631 Diod.
529 604 621 639 quae
646 592 757 628 refert
782 592 825 628 de
849 604 971 639 pugna
996 593 1092 639 apud
1126 592 1338 638 Cynossema
1371 595 1560 631 comissa

133 655 208 700 (38,
233 653 370 699 3-41,
395 655 445 701 3),
479 654 643 690 Frickius
682 653 826 699 Ephoro
851 654 994 696 tribuit,
1035 653 1136 689 cuius
1161 665 1291 689 nomen
1316 652 1423 690 affert
1452 655 1557 691 Diod.

132 717 192 760 41,
218 716 264 760 33
303 716 347 753 de
387 727 460 763 qua
481 727 521 751 re
557 726 650 751 nunc
675 715 819 762 quidem
843 726 915 751 non
942 726 1029 761 opus
1055 717 1110 751 est
1135 726 1314 761 quaerere,
1355 716 1445 762 quia
1469 717 1559 752 nihil

130 778 222 814 inest
247 778 287 814 in
311 778 379 814 hac
403 777 622 813 narrationis
646 779 751 824 parte
776 777 874 823 quod
898 773 1035 822 spectet
1061 776 1108 811 ad
1131 776 1309 821 diversam
1335 777 1435 813 illam
1461 778 1555 814 inter

128 851 165 876 se
190 839 341 876 duarum
358 839 571 876 relationum
598 839 641 874 de
655 838 841 875 Alcibiade
863 837 1090 875 sententiam.
1140 837 1234 873 Jnde
1247 850 1339 885 quae
1361 842 1559 886 sequuntur

130 913 160 938 0.
188 901 247 945 41,
272 902 407 945 4-42,
447 902 472 937 4
492 913 573 937 011111
599 913 629 939 c.
655 900 817 943 37—-38‚
843 900 866 936 2
894 899 1140 946 coniungenda
1173 911 1248 935 esse
1273 900 1435 937 Frickius
1462 904 1558 938 recte

130 962 270 999 statuit.
321 962 469 998 Duobus
498 961 591 998 enim
618 961 706 998 locis
731 961 974 997 trecentarum
999 960 1145 997 illarum
1169 961 1315 997 navium
1339 962 1472 998 mentio
1497 963 1555 1007 fit;

129 1027 167 1060 et
198 1024 294 1071 quod
319 1023 524 1059 Alcibiades
550 1023 682 1059 dicitur
713 1024 861 1069 propter
891 1023 996 1058 triste
1020 1022 1110 1058 illud
1144 1022 1271 1066 fatum,
1313 1035 1393 1059 cum
1431 1027 1557 1061 contra

127 1085 282 1131 patriam
311 1096 471 1132 pugnare
497 1086 693 1132 cogeretur,
719 1084 887 1120 lacrimas
909 1083 1119 1130 profudisse,
1146 1084 1329 1130 aptissime
1352 1096 1433 1121 011111
1449 1085 1554 1126 Corn.

78 1187 81 1190 ,
129 1149 166 1183 et
188 1147 286 1185 Plut.
312 1147 356 1183 de
381 1158 422 1182 00
447 1146 624 1182 sententia
650 1146 814 1183 convenit
876 1145 969 1181 Jnde
984 1145 1091 1182 Diod.
1118 1157 1200 1181 eum
1224 1146 1339 1182 tradit
1365 1147 1411 1183 ab
1441 1148 1552 1184 Athe-

127 1208 308 1245 niensibus
342 1207 500 1245 omnium
534 1220 687 1254 quorum
721 1209 908 1244 accusatus
943 1208 1036 1242 esset
1073 1207 1259 1243 criminum
1288 1208 1493 1245 absolutum
1518 1212 1554 1245 et

130 1281 209 1305 eam
232 1269 278 1305 ob
305 1280 449 1306 causam
474 1270 599 1306 ducem
614 1271 774 1306 creatum
800 1280 884 1312 esse,
915 1268 1001 1314 quia
1026 1268 1272 1315 intellegerent
1297 1269 1327 1305 si
1353 1269 1391 1305 id
1415 1270 1554 1307 factum

128 1332 220 1366 esset
243 1330 427 1366 fortunam
453 1330 538 1366 belli
562 1331 608 1366 ad
633 1331 730 1377 ipsos
756 1341 1004 1373 reversuram3
1030 1329 1137 1375 idque
1162 1330 1209 1365 ad
1234 1330 1301 1366 illa
1325 1342 1417 1376 quae
1442 1342 1554 1377 aeque

127 1402 149 1427 a
173 1391 278 1428 Diod.
307 1402 336 1429 0.
365 1390 411 1429 37
450 1393 559 1438 atque
600 1403 623 1427 a
653 1392 745 1428 Corn
790 1391 986 1427 traduntur
1020 1393 1181 1437 spectare
1218 1393 1379 1437 apparet.
1433 1392 1554 1428 Etiam

125 1453 362 1489 Theramenes
387 1464 534 1498 prorsus
573 1453 696 1489 eodem
728 1452 833 1488 modo
866 1464 937 1498 quo
965 1464 995 1487 0.
1024 1452 1070 1489 37
1110 1452 1281 1488 laudatur
1320 1454 1357 1488 et
1382 1454 1554 1489 nonnulla

124 1525 215 1561 quae
237 1513 442 1551 Alcibiades
467 1514 618 1551 feliciter
643 1513 753 1561 gessit
784 1513 977 1550 adduntur.
1030 1512 1132 1556 Quod
1166 1513 1389 1550 Pharnabazi
1418 1527 1546 1552 nomen

124 1579 161 1612 et
193 1576 260 1612 hoc
293 1576 371 1612 loco
409 1578 445 1612 et
474 1588 585 1622 supra
610 1588 640 1614 c.
669 1575 729 1614 36.
757 1575 803 1612 37
841 1576 998 1620 positum
1033 1578 1089 1611 est
1121 1587 1186 1621 pro
1218 1575 1465 1622 Tissapherne,
1512 1577 1550 1617 id

123 1649 242 1674 errore
252 1637 401 1673 Diodori
427 1637 563 1673 factum
587 1649 662 1674 esse
680 1637 834 1674 videtur.
887 1636 1018 1672 Totum
1036 1636 1148 1683 igitur
1166 1637 1284 1673 locum
1299 1638 1502 1682 41‚4—42‚
1525 1638 1550 1675 4

123 1711 203 1735 cum
229 1699 344 1735 altera
369 1699 433 1734 illa
453 1699 635 1742 relatione,
660 1710 766 1744 quam
793 1699 887 1734 idem
900 1698 1005 1734 Diod.
1033 1699 1195 1745 sequitur
1220 1700 1256 1734 in
1282 1711 1312 1738 0.
1328 1699 1416 1737 37—
1428 1700 1488 1748 38,
1516 1700 1551 1744 2,

121 1760 408 1807 coniungendam
435 1772 510 1796 esse
535 1762 695 1806 apparet.

801 1994 866 2056 ΙΙ.

219 2125 303 2163 Jam
329 2126 523 2172 videamus,
548 2140 605 2175 qu
618 2128 723 2163 ibus
755 2127 909 2174 script
922 2128 1059 2165 oribu
1073 2141 1089 2165 s
1133 2128 1219 2165 dua
1232 2141 1251 2166 e
1286 2128 1404 2166 illae
1427 2142 1447 2165 1·
1460 2129 1548 2166 ela-

119 2190 160 2226 ti
174 2202 194 2227 o
208 2202 260 2226 110
274 2202 290 2227 3
336 2202 426 2238 quas
494 2202 604 2236 supra
653 2191 1010 2228 commemoravimus
1063 2192 1160 2228 trib
1173 2204 1198 2226 u
1213 2192 1331 2228 enda
1343 2204 1361 2228 e
1412 2204 1429 2228 s
1449 2192 1503 2227 in
1518 2195 1547 2230 t.

118 2250 267 2287 Diodori
302 2251 346 2287 de
382 2251 476 2287 bello
515 2251 815 2298 Peloponnesiaco
854 2253 1099 2289 narrationem
1135 2265 1247 2300 usque
1286 2253 1331 2288 ad
1366 2265 1447 2290 eum
1471 2254 1546 2290 fere

117 2313 235 2349 locum
261 2325 331 2360 quo
357 2313 481 2349 finitur
510 2313 727 2359 Thucydidis
753 2326 842 2360 opus
866 2315 936 2350 viri
961 2315 1057 2351 docti
1083 2328 1125 2351 ex
1152 2315 1337 2361 Ephoro
1364 2315 1547 2361 sumptam

117 2386 192 2411 esse
218 2377 437 2418 statuerunt,
476 2374 575 2410 cuius
609 2386 737 2410 nomen
764 2375 802 2410 in
825 2377 1007 2421 prooemio
1035 2377 1110 2413 eius
1141 2377 1312 2412 afferatur
1338 2377 1432 2422 (XII,
1462 2377 1545 2426 41).

116 2436 218 2478 Quod
260 2437 289 2472 si
330 2439 425 2471 recte
465 2437 517 2471 ita
549 2440 775 2480 censuerunt,
811 2449 896 2473 sane
929 2437 1120 2473 verisimile
1159 2441 1213 2473 est
1248 2439 1389 2484 Ephoro
1430 2442 1546 2474 totam
