1755 2892
835 206 883 242 51

577 295 598 308 l

141 340 257 374 factus
274 336 429 375 ⁴classem
455 333 613 368 nondum
638 332 812 369 militibus
838 334 1051 379 completam
1076 334 1295 379 oppresserit
1320 336 1356 370 et
1380 337 1577 380 postquam

140 396 321 445 paulisper
344 394 520 430 restiterit
544 394 724 431 devicerit.
778 394 1021 430 Terrestribus
1058 395 1421 431 Lacedaemoniorum
1458 394 1570 440 copiis

142 459 319 496 Diodorus
349 454 581 498 Eteonicm,
630 454 827 500 Xenophon
873 455 1069 491 Thoracem
1109 455 1304 501 praefuisse
1352 451 1454 492 testis
1506 450 1572 491 est‘.

141 521 229 557 Post
253 514 412 563 pugnam
451 516 630 551 Diodorus
668 516 784 551 tradit
813 516 933 551 decem
972 516 1243 553 Atheniensium
1279 528 1388 553 naves
1421 517 1567 563 fugisse,

142 591 296 631 quarum
319 589 392 614 una
418 576 539 613 Conon
564 576 611 612 ad
637 576 839 624 Euagoram
867 588 904 613 se
930 577 1122 614 contulerit
1148 576 1329 626 φοβηθεὶς
1357 573 1427 620 τήν
1457 572 1571 625 ὀργήν

142 644 215 677 τοῦ
239 638 374 687 δήμου,
402 638 533 674 milites
561 638 642 673 inde
668 637 811 673 Sestum
837 634 1051 686 confugisse;
1095 638 1267 684 Spartam
1306 643 1426 675 autem
1454 650 1476 674 a
1501 638 1579 684 Ly-,

140 702 270 741 sandro
294 711 403 736 unam
443 711 485 735 ex
523 698 596 735 suis
637 698 789 735 navibus
815 698 924 735 armis
964 701 1000 736 et
1033 699 1168 746 praeda
1207 701 1372 736 ornatam
1422 698 1570 735 missam

140 765 214 800 'esse
239 755 365 799 auctor
392 763 446 796 est
469 761 666 803 Diodorus,
702 771 783 795 cum
808 760 1005 806 Xenophon
1031 761 1129 797 dicat
1163 773 1243 797 eum
1268 761 1426 807 piratam
1462 773 1573 807 quen-

141 825 224 860 dam
247 823 395 860 misisse.
450 822 644 857 Adduntur
670 821 847 867 quaedam
873 833 965 868 quae
987 833 1059 858 non
1084 822 1315 862 inveniuntur
1340 823 1437 868 apud
1456 822 1574 858 Xeno-

140 886 309 931 phontem
334 884 377 919 de
403 883 505 919 Sesto
532 885 639 928 capta
665 885 701 918 et
727 883 770 918 de
795 882 945 929 Gylippi
972 884 1112 921 scelere.

238 942 391 983 Praeter
418 943 614 979 Diodorum
628 943 848 989 Theopompi
874 943 918 979 de
943 944 1010 979 hac
1036 955 1158 991 pugna
1175 943 1395 979 narrationis
1423 943 1574 990 vestigia

139 1007 263 1044 extant
297 1006 394 1052 apud
440 1005 718 1042 Cornelium
756 1005 859 1042 Alc.
899 1006 933 1043 7.
973 1007 1009 1044 8.
1074 1005 1142 1049 Qui
1182 1017 1262 1041 cum
1302 1005 1345 1041 de
1383 992 1488 1041 rebus
1536 1005 1575 1041 in

136 1068 289 1103 Thracia
314 1068 361 1102 ab
381 1067 568 1102 Alcibiade
594 1065 779 1111 praeclare
804 1067 915 1113 gestis
937 1069 1094 1112 exponat
1119 1078 1148 1104 0.
1175 1068 1209 1109 7,
1237 1069 1360 1102 tamen
1381 1067 1468 1102 dicit
1493 1079 1574 1102 eum

136 1141 158 1165 a
183 1128 323 1175 patriae
350 1139 471 1164 amore
495 1139 568 1163 non
594 1127 772 1163 destitisse
799 1129 845 1174 (0.
872 1128 922 1173 8),
958 1127 1002 1163 de
1027 1139 1100 1174 qua
1126 1139 1165 1163 re
1191 1127 1457 1163 accuratissime
1492 1139 1574 1163 con-

59 1208 62 1211 >
135 1192 233 1237 gruit
258 1202 339 1226 cum
364 1190 535 1228 Diodoro.
587 1190 779 1234 Proprium
804 1190 909 1225 huius
933 1190 1153 1225 narrationis
1178 1192 1243 1232 est,
1272 1189 1368 1235 quod
1389 1190 1574 1235 Lysander

134 1253 171 1288 id
196 1252 356 1288 traditur
378 1251 503 1298 egisse,
528 1252 570 1286 ut
596 1262 706 1297 quam
721 1250 876 1286 maxime
900 1251 1034 1287 bellum
1056 1250 1214 1293 duceret,
1242 1261 1321 1285 cum
1337 1250 1572 1286 Athenienses

136 1317 282 1361 propter
307 1313 483 1360 pecuniae
508 1313 666 1359 inopiam
710 1325 782 1349 non
817 1313 880 1348 diu
917 1314 1142 1349 sustenturos
1168 1312 1412 1349 intellexisset.
1466 1311 1569 1354 Quod

136 1388 217 1412 vcro
256 1376 328 1411 dux
364 1374 638 1411 Atheniensium
680 1374 776 1410 solus
821 1373 998 1410 Philocles
1023 1377 1265 1419 nuncupatur,
1309 1384 1351 1408 ea
1385 1384 1423 1407 re
1456 1372 1571 1419 magis

133 1437 298 1473 convenit
324 1447 405 1472 cum
430 1436 588 1472 Diodoro
615 1447 725 1481 quam
750 1446 833 1471 cum
858 1435 1111 1481 Xenophonte;
1134 1434 1315 1470 Diodorus
1341 1434 1435 1469 enim
1457 1434 1572 1469 tradit

134 1497 327 1532 Philoclem
355 1508 395 1531 eo
422 1496 479 1531 die
505 1496 611 1531 classi
637 1495 835 1540 praefuisse
861 1493 911 1543 (0.
940 1496 1023 1539 106,
1053 1495 1106 1543 l).
1160 1494 1297 1530 Deinde
1324 1495 1362 1529 in
1388 1494 1456 1537 eis,
1483 1506 1574 1540 quae

134 1557 338 1603 Alcibiades
375 1568 456 1592 cum
492 1556 641 1592 ducibus
668 1555 940 1592 Atheniensium
966 1556 1058 1603 egit,
1094 1555 1278 1591 Cornelius
1319 1566 1466 1601 prorsus
1491 1566 1574 1590 con-

133 1619 243 1655 sentit
277 1630 358 1655 cum
384 1617 543 1654 Diodoro
583 1620 619 1653 et
658 1629 750 1664 quae
774 1617 950 1654 Philocles
988 1618 1107 1653 animo
1145 1618 1345 1654 versaverit
1369 1616 1572 1653 accuratius

132 1681 286 1725 indicat;
314 1680 376 1727 qui
399 1682 491 1716 teste
517 1680 579 1716 illo
598 1680 707 1716 etiam
732 1680 909 1716 intellexit
925 1679 1151 1716 Alcibiadem
1177 1682 1273 1716 recte
1299 1679 1425 1715 dicere.
1462 1679 1580 1715 Illum-

133 1744 258 1779 deinde
284 1755 365 1778 cum
391 1743 509 1778 abiret
533 1743 654 1778 omnia
680 1755 723 1778 ea
748 1754 840 1789 quae
873 1738 1000 1788 postea
1036 1742 1230 1778 acciderint
1268 1744 1441 1778 eventura
1467 1754 1573 1788 prae—

134 1803 275 1843 dixisse.
327 1804 488 1850 Denique
525 1815 640 1849 pauca
678 1804 741 1840 illa
783 1815 875 1851 quae
912 1804 956 1840 de
994 1803 1074 1849 ipsa
1113 1814 1236 1850 pugna
1280 1803 1422 1840 adiecta
1476 1806 1571 1847 sunt,

134 1868 300 1902 accurate
328 1865 544 1902 conveniunt
568 1848 649 1901 cum
676 1865 848 1903 Diodoro.

234 1928 368 1963 Contra
395 1925 523 1966 Plut.
552 1927 616 1974 Ly
629 1939 655 1966 s.
685 1927 719 1965 9.
752 1928 799 1964 10
831 1938 913 1963 cum
951 1927 988 1962 in
1023 1926 1188 1963 omnibus
1215 1926 1276 1970 eis,
1314 1926 1444 1973 quibus
1485 1926 1571 1962 Dio-

134 1987 241 2024 dorus
280 1991 316 2024 et
350 1988 533 2025 Cornelius
564 1988 781 2025 dissentiunt
815 2000 838 2024 a
871 1988 1124 2034 Xenophonte,
1153 1987 1355 2024 consentiat
1383 1998 1462 2023 cum
1490 1987 1569 2036 hoc,

132 2049 303 2085 nonnulla
335 2051 522 2095 praeterea
561 2050 682 2097 addit,
717 2050 847 2097 quibus
884 2061 977 2097 quae
1016 2050 1114 2096 apud
1153 2049 1424 2095 Xenophontem
1447 2050 1572 2085 extant

132 2111 250 2158 magis
271 2111 460 2157 perspicua
485 2112 594 2148 fiunt:
651 2112 795 2158 Ephoro
821 2112 935 2159 igitur
965 2112 1052 2148 haec
1079 2095 1271 2148 tribuenda
1308 2121 1383 2146 esse
1413 2110 1569 2147 certissi-

132 2183 229 2207 mum
254 2174 320 2209 est.
375 2173 402 2207 P
416 2173 497 2211 lut.
525 2173 578 2208 Al
588 2184 615 2211 0,
644 2174 691 2211 36
719 2173 756 2208 in
782 2173 888 2209 rebus
927 2173 973 2208 ab
1002 2172 1189 2209 Alcibiade
1214 2172 1252 2206 in
1279 2171 1433 2207 Thracia
1458 2171 1569 2219 gestis

132 2228 346 2279 exponendis
371 2246 518 2281 prorsus
546 2234 724 2271 consentit
751 2246 832 2270 cum
845 2234 1031 2278 Corneli03
1058 2234 1140 2270 inde
1161 2236 1283 2270 autem
1302 2244 1395 2280 quae
1416 2245 1570 2280 sequun·
1614 2271 1619 2275 μ

130 2296 191 2329 tur
228 2297 265 2340 (a
303 2296 422 2332 verbis
444 2294 547 2331 Ἐπεὶ
588 2294 624 2331 δ’
649 2297 687 2332 οἱ,
722 2295 810 2344 περὶ
836 2293 965 2332 Τυδέα
1001 2294 1067 2331 καὶ
1103 2292 1334 2344 Μένανδρον
1370 2306 1484 2341 usque
1523 2295 1571 2331 ad

130 2354 259 2402 capitis
293 2357 340 2394 3¹7
377 2369 500 2394 vocem
535 2354 669 2406 ἀπῃέι)
711 2357 758 2395 ad
811 2358 960 2395 verbum
1001 2357 1075 2393 fere
1120 2358 1322 2405 congruunt
1367 2368 1449 2393 cum
1483 2356 1569 2393 Plu-

128 2418 245 2454 tarchi
267 2419 455 2465 Lysandro
481 2431 554 2455 non
579 2420 685 2456 modo
711 2420 750 2455 in
775 2419 825 2457 eis
849 2431 941 2466 quae
979 2420 1077 2466 apud
1103 2419 1374 2465 Xenophontem
1401 2419 1567 2456 similiter

128 2482 335 2528 narrantur,
363 2482 424 2518 sed
450 2481 560 2518 etiam
594 2482 632 2517 in
663 2482 712 2518 eis
736 2493 829 2529 quae
853 2482 951 2518 illius
977 2482 1145 2519 relationi
1170 2481 1296 2518 addita
1322 2484 1419 2518 sunt.
1474 2481 1566 2518 'rum
