1755 2892
870 181 923 220 24

178 309 407 347 consentiunt
435 322 516 346 cum
554 309 665 348 Thuc.
694 309 793 353 VIII,
825 310 906 354 106,
944 311 981 345 in
1007 321 1162 356 quarum
1187 322 1335 347 numero
1354 321 1463 357 ·quae
1498 310 1629 347 desunt

176 371 274 417 apud
290 371 492 407 Diodorum
517 371 635 407 nescio
660 382 707 406 an
728 372 855 409 eadem
880 371 1107 419 neglegentia
1123 362 1330 417 exciderint,
1358 364 1416 409 cui
1429 372 1468 408 id
1484 383 1627 420 quoque

175 432 380 480 tribuerim,
406 434 509 480 quod*
527 435 620 470 teste
649 435 810 472 Diodoro
835 446 908 471 non
931 433 1136 481 quindecim
1163 434 1225 471 sed
1250 434 1407 482 quinque
1430 444 1540 472 naves
1554 432 1627 469 ,ab

176 484 458 531 Atheniensibus
507 495 660 532 amissae
687 499 782 533 sunt.
836 496 999 543 Itemque
1023 496 1060 531 in
1093 496 1210 531 altera
1240 507 1364 543 pugna
1395 494 1644 532 describenda-

179 568 261 592 cum
287 556 536 604 Xenophontis
574 557 694 595 verbis
724 558 753 603 I,
787 558 819 603 1,
860 558 905 595 13
941 555 1138 608 ἐμάχοντο
1168 554 1250 594 ἀπό
1277 570 1322 594 τε
1349 561 1428 595 τοῖν
1454 559 1541 595 νεῶν
1565 555 1627 593 καὶ

178 622 249 663 τῆς
283 623 351 668 γῆς
402 620 584 658 Diodorus
611 621 801 666 consentit,
837 633 918 658 cum
954 621 1080 658 tradat
1123 621 1193 665 45,
1238 622 1262 659 4
1300 620 1364 656 καὶ
1392 624 1471 657 τοῖν
1504 633 1627 669 στρα-

168 684 333 719 τιωτῶν
370 676 437 725 οὓς
475 681 540 731 μὲν
577 681 643 719 ἐπὶ
668 679 743 726 τάς
778 681 935 734 πρῴρας
964 680 1186 728 ἐπέστησεν,
1216 677 1284 726 οὓς
1310 679 1342 718 δ’
1373 681 1438 718 ἐπὶ
1465 686 1535 725 τῆς
1561 685 1627 730 γῆς

179 742 360 794 εὐκαίρως
401 742 550 793 ἔταξεν,
588 744 685 791 quod
721 757 761 781 eo
797 745 944 782 maioris
982 745 1154 782 momenti
1192 747 1257 789 est,
1297 744 1383 792 quia
1424 740 1478 780 in⁴
1502 744 1628 781 ceteris

176 806 328 842 Diodori
353 805 518 841 narratio
542 805 698 841 multum
724 806 904 851 discrepat
929 817 951 841 a
977 805 1224 851 Xenophonte.

280 879 418 916 Deinde
443 878 540 926 quod
566 878 713 915 additur
740 890 770 917 c.
794 880 853 923 46,
883 880 905 917 6
933 879 976 915 de
1001 879 1236 916 Pharnabazo
1267 878 1394 927 (quem
1419 891 1485 927 pro
1510 878 1630 930 Tissaf

176 943 313 990 pherne
333 942 493 988 positum
507 952 583 977 esse
598 953 626 989 ⁴a
640 941 800 978 Diodoro
826 953 938 988 supra
964 941 1064 986 dixi),
1091 954 1172 978 cum
1192 943 1242 978 eis
1265 944 1358 989 quae
1381 943 1488 978 antea
1513 953 1542 979 c.
1570 941 1630 978 37.

179 1006 228 1043 38
255 993 463 1040 secundum*
478 1001 749 1048 Theopompum
772 1004 924 1038 narrata
950 1004 1035 1039 sunt
1063 1004 1263 1040 consentire
1289 1005 1453 1050 apparet.
1503 1003 1633 1039 Tradit

178 1067 273 1102 enim
300 1062 577 1101 Pharnabazum
602 1066 751 1110 propter
778 1066 956 1100 trecentas
993 1065 1076 1100 illas
1106 1076 1215 1101 naves
1241 1065 1374 1101 auxilio
1409 1076 1480 1101 non
1506 1065 1632 1101 missas

179 1128 277 1175 apud
315 1125 619 1164 Lacedaemonios
656 1137 843 1163 excusasse
857 1153 868 1172 ,
911 1126 1008 1172 quod
1039 1128 1188 1173 propter
1221 1129 1361 1163 motum
1394 1127 1441 1163 ab
1473 1126 1633 1163 Arabiae

184 1193 221 1226 et
244 1189 404 1237 Aegypti
430 1189 576 1237 regibus
605 1188 802 1225 excitatum
829 1199 901 1223 eas·
927 1188 1073 1224 domum
1100 1189 1305 1229 dimisisset.
1359 1189 1513 1236 Sapiunt
1544 1189 1633 1225 haec

184 1251 407 1298 Theopompi
441 1250 645 1297 opinionem
672 1250 942 1288 dissentientem
980 1250 1023 1286 de
1054 1250 1109 1287 his
1148 1250 1254 1287 rebus
1279 1263 1302 1287 a
1337 1251 1562 1298 Thucydide3
1602 1251 1633 1287 is

182 1313 278 1350 enim
304 1313 459 1349 tradidit
492 1312 769 1359 Tissaphernem
789 1312 922 1361 ignotis
937 1313 980 1348 de
1006 1313 1121 1349 causis
1145 1325 1255 1351 naves
1281 1313 1364 1350 illas
1387 1315 1459 1350 non
1484 1313 1633 1356 misisse,

189 1375 417 1411 Alcibiadem
450 1376 575 1411 autem
610 1374 797 1410 simulasse
833 1386 870 1410 se
905 1374 942 1409 id
985 1375 1142 1411 effecisse
1181 1375 1295 1422 (VIII,
1324 1377 1384 1416 8'7.
1414 1373 1493 1422 88),
1520 1374 1634 1410 Theo-

184 1449 337 1484 pompus
365 1438 503 1480 contra,
539 1436 765 1486 Alcibiadem
791 1448 830 1472 re
857 1448 945 1472 vcra
984 1436 1139 1473 offecisse
1173 1439 1216 1473 ut
1252 1448 1363 1474 naves
1398 1435 1635 1479 Lacedaemo-

183 1499 253 1535 niis
275 1498 409 1534 auxilio
434 1509 506 1533 non
533 1498 777 1544 mitterentur,
806 1497 1081 1543 Tissaphernem
1108 1500 1228 1534 autem
1249 1500 1376 1544 postea
1401 1498 1499 1544 apud
1524 1497 1635 1533 Lace-

184 1559 392 1596 daemonios
412 1571 597 1596 excusasse
618 1559 715 1606 quod
735 1561 885 1605 propter
911 1560 1089 1595 tumultus
1108 1560 1190 1596 illos
1218 1560 1268 1596 eis
1295 1560 1364 1596 sibi
1380 1572 1470 1607 opus
1495 1559 1635 1597 fuisset.

149 1614 152 1617 ⁴
187 1621 354 1658 Ceterum
382 1621 492 1657 etiam
519 1621 629 1659 Thuc.
658 1620 759 1669 VIII,
777 1620 849 1659 109
877 1621 989 1657 refert
1007 1620 1280 1669 Tissaphernem
1308 1622 1405 1669 quod
1430 1632 1539 1658 naves
1561 1611 1634 1673 non

190 1683 349 1730 misisset
378 1693 564 1719 excusasse
593 1683 1030 1730 apud-Lacedaemonios,

287 1757 341 1793 Ea
381 1756 549 1803 deinceps
588 1769 680 1803 quae
719 1757 901 1794 Diodorus
942 1757 1135 1794 memoriae
1169 1758 1330 1812 prodidit
1365 1758 1408 1793 de
1448 1757 1585 1802 Euripo
1611 1767 1634 1791 a

184 1819 332 1856 Boeotis
359 1819 489 1854 obruto
517 1820 563 1864 (c.
581 1819 640 1862 47,
654 1819 780 1865 3—5),
804 1831 846 1854 ex
873 1819 1102 1865 Theopompo
1124 1819 1278 1866 pendere
1296 1819 1379 1855 inde
1405 1818 1630 1861 concluseris,

184 1880 282 1927 quod
318 1891 428 1927 quam
465 1880 734 1916 accuratissime
773 1881 1011 1926 explanantur
1056 1891 1149 1929 quae
1181 1882 1348 1926 spectant
1391 1880 1438 1915 ad
1473 1880 1634 1915 locorum

185 1944 368 1981 naturam.
1646 1946 1649 1949 ’

290 2018 310 2061 §
338 2015 438 2053 6-8
464 2013 644 2050 Diodorus
670 2014 844 2049 nonnulla
882 2014 925 2049 de
949 2014 1057 2050 rebus
1087 2026 1109 2050 a
1140 2014 1361 2050 Theramene
1384 2014 1493 2060 gestis
1515 2003 1634 2050 tradit

186 2088 279 2124 quae
316 2076 456 2112 frustra
481 2086 636 2121 quaeras
660 2075 758 2120 apud
782 2074 1066 2121 Xenophontem,
1094 2076 1156 2122 qui
1181 2075 1339 2122 primum
1364 2087 1393 2111 e.
1421 2074 1453 2119 1,
1484 2073 1530 2113 12
1557 2075 1633 2111 eius

185 2140 405 2177 mentionem
430 2138 531 2175 facit.
583 2137 783 2174 Diodorum
809 2137 919 2174 etiam
951 2138 989 2174 in
1020 2138 1076 2174 his
1115 2138 1385 2185 Theopompum
1417 2138 1518 2185 sequi
1549 2137 1633 2174 inde

185 2204 350 2249 apparet,
374 2201 472 2247 quod
497 2200 636 2245 pariter
662 2205 771 2245 atque
797 2210 907 2244 supra
933 2200 976 2244 (c.
1005 2200 1064 2243 42,
1093 2192 1134 2247 3)
1175 2199 1411 2243 Alcibiadem,
1452 2199 1520 2235 hoc
1555 2199 1634 2235 loco

184 2263 442 2304 Theramenem
465 2261 603 2306 laudat,
630 2260 718 2307 quia
741 2271 874 2308 magna
901 2261 1037 2307 praeda
1060 2258 1159 2297 facta
1181 2261 1279 2305 ,cives
1312 2263 1490 2308 quantum
1514 2263 1636 2308 posset

184 2325 271 2361 belli
297 2336 404 2360 onere
428 2324 583 2359 liberare
603 2322 802 2369 studuerit.

286 2396 409 2432 Etiam
446 2408 540 2443 quae
575 2393 621 2432 de
645 2395 806 2431 tumultu
839 2395 876 2430 in
916 2394 1074 2440 Corcyra
1119 2396 1199 2431 orto
1227 2395 1424 2430 narrantur
1450 2405 1479 2434 c.
1508 2394 1557 2432 48
1586 2394 1633 2430 ab

185 2459 265 2495 aliis
304 2458 541 2504 scriptoribus
577 2458 717 2494 tradita
751 2469 823 2493 non
855 2459 957 2500 sunt3
996 2467 1089 2503 quae
1120 2456 1208 2503 quin
1242 2468 1285 2492 ex
1325 2456 1448 2492 eodem
1488 2457 1634 2492 auctore
