1755 2892
878 205 929 243 23

172 334 309 373 Deinde
332 332 473 370 numeri
505 331 654 376 navium
688 330 726 367 in
761 334 916 380 utraque
947 333 1155 369 narratione
1188 333 1282 368 inter
1308 343 1346 368 se
1372 330 1619 374 consentiunt3

174 408 207 435 c.·
241 396 306 442 38,
327 395 350 433 5
387 393 481 430 enim
518 392 670 429 Doricus
708 393 869 431 traditur
893 394 1065 431 tredecim
1098 394 1251 431 navibus
1286 393 1484 441 praefuisse
1519 393 1617 438 (cum

143 500 149 503 .
171 454 461 504 quattuordecim
488 456 741 491 commemoret
765 454 992 505 Xenophon),
1030 456 1093 503 qui
1128 456 1221 492 idem
1247 467 1417 492 numerus
1451 452 1617 496 efficitur,

174 518 205 555 si
233 517 390 555 Mindari
430 516 578 554 navium
610 528 777 554 numeros
815 518 878 564 qui
915 518 1115 555 afferuntur
1157 531 1186 558 c.
1213 519 1274 566 45,
1316 521 1338 555 6
1366 520 1402 555 et
1436 529 1466 554 c.
1495 516 1557 559 45,
1592 515 1615 552 '7

173 579 269 615 inter
293 588 332 614 se
352 577 643 623 comparaverim
683 577 797 613 altero
829 578 922 613 enim
960 579 1038 615 loco
1063 579 1232 615 dicuntur
1257 579 1308 616 84
1330 579 1452 624 fuisse,
1488 577 1615 619 altero,

175 641 369 686 postquam
411 638 535 675 Dorici
573 650 683 675 naves
728 638 873 686 additae
906 642 1006 684 sunt,
1055 640 1116 679 97.
1193 640 1285 676 Tum
1323 640 1421 687 quod
1459 638 1615 674 maxime

172 700 303 736 mirum
327 711 413 736 sane
439 701 533 736 esset
569 699 608 735 ni
646 699 739 735 duae
763 699 849 736 illae
873 700 1098 737 narrationes
1124 701 1172 736 ad
1210 701 1361 737 eundem
1398 699 1613 746 scriptorem

170 761 379 798 referendae
414 762 542 804 essent,
579 760 763 812 simillima
793 761 888 797 inter
925 772 963 797 se
994 762 1033 797 in
1067 764 1221 809 utraque
1249 773 1379 809 pugna
1417 762 1613 797 narrantur

167 824 364 859 nautarum
392 822 558 869 artificia,
588 822 632 858 de
658 822 788 869 quibus
811 834 926 869 neque
953 823 1178 869 Thucydides
1217 824 1255 859 in
1290 824 1406 859 altera
1435 834 1550 869 neque
1575 822 1614 857 in

169 884 286 921 altera
302 883 501 930 Xenophon
528 884 726 931 quidquam
751 883 945 921 memoriae
964 884 1212 931 prodiderunt.
1254 884 1343 920 oum
1369 883 1463 919 enim
1480 882 1612 929 prioris

168 957 313 993 pugnae
352 947 500 983 eventus
534 956 557 981 a
589 944 798 992 Thucydide
833 943 869 980 in
908 957 1057 992 prorsus
1083 945 1164 982 aliis
1195 946 1302 982 rebus
1336 945 1477 991 positus
1503 943 1614 980 fuisse

169 1007 358 1052 tradatur,
392 1007 436 1044 de
461 1007 577 1044 altera
607 1006 806 1053 Xenophon
831 1007 1053 1057 paucissima
1086 1007 1266 1054 proferat,
1303 1007 1483 1044 Diodorus
1508 1007 1610 1042 utro-

165 1073 236 1115 que
260 1069 340 1105 loco
364 1070 560 1104 nautarum
584 1068 762 1114 quaedam
787 1070 1049 1115 strategemata
1074 1069 1198 1104 multis
1230 1069 1348 1104 verbis
1382 1068 1539 1115 exponit,
1567 1079 1609 1102 ex

167 1129 299 1177 quibus
325 1141 467 1177 pugnae
494 1129 609 1165 exitus
634 1129 853 1176 pependerit.
908 1129 1102 1166 Praeterea
1136 1129 1236 1176 prior
1261 1140 1384 1176 pugna
1408 1130 1500 1165 teste
1523 1128 1611 1164 Dio-

166 1190 256 1227 doro
280 1191 485 1227 decernitur
510 1191 737 1237 inexpectato
763 1191 920 1238 quinque
947 1193 984 1227 et
1009 1191 1142 1238 viginti
1169 1190 1316 1227 navium
1352 1191 1533 1233 adventu3
1567 1190 1610 1225 de

166 1264 238 1299 quo
274 1264 356 1288 cum
390 1252 481 1288 nihil
512 1252 638 1289 tradat
663 1252 902 1298 Thucydides,
942 1252 1005 1299 qui
1031 1264 1108 1288 rem
1134 1252 1230 1298 tanti
1255 1251 1427 1288 momenti
1453 1251 1484 1287 si
1510 1254 1607 1288 recte

168 1324 205 1349 se
237 1313 388 1349 haberet
429 1324 502 1349 non
538 1312 738 1357 omisisset,
779 1312 846 1349 hoc
885 1313 933 1348 ad
972 1312 1122 1349 alterius
1156 1323 1299 1365 pugnae
1334 1309 1609 1347 similitudinem

166 1370 325 1411 effictum
363 1386 439 1412 esse
491 1374 670 1421 suspicor,
712 1385 804 1421 quae
840 1375 877 1410 et
910 1374 991 1421 ipsa
1028 1375 1228 1424 postquam
1277 1373 1340 1410 diu
1373 1385 1504 1420 anceps
1541 1372 1612 1409 fuit

165 1435 352 1483 inopinato
382 1435 582 1473 Alcibiadis
627 1437 785 1473 adventu
824 1435 871 1471 ad
905 1436 1012 1472 finem
1042 1436 1218 1483 perducta
1244 1447 1321 1473 esse
1344 1436 1517 1474 traditur.
1567 1434 1609 1470 In

164 1497 232 1535 hac
245 1498 362 1535 altera
379 1510 503 1548 pugna
514 1498 694 1536 Diodorus
713 1510 753 1536 eo
777 1511 920 1548 quoque
937 1498 1117 1545 discrepat
1137 1509 1219 1534 cum
1232 1497 1478 1545 Xenophonte,
1501 1496 1608 1545 quod,

164 1571 235 1606 quo
261 1561 423 1606 tempore
446 1560 645 1596 Alcibiadis
668 1572 778 1597 naves
802 1562 869 1597 sub
896 1562 1082 1606 aspectum
1105 1559 1278 1603 venerint,
1308 1562 1345 1595 et
1367 1558 1607 1595 Athenienses

161 1622 198 1657 et
226 1620 524 1658 Lacedaemonios
548 1620 665 1658 tradit
690 1621 760 1659 sibi
792 1622 966 1659 auxilium
989 1621 1066 1659 fore
1092 1632 1254 1668 sperasse
1280 1632 1431 1668 eamque
1459 1621 1505 1658 ob
1530 1619 1606 1657 rem

161 1682 297 1718 maiore
321 1682 432 1718 etiam
468 1682 697 1720 contentione
733 1686 935 1731 pugnatum
980 1694 1055 1719 esse
1071 1710 1079 1726 ,
1122 1683 1209 1718 dum
1246 1682 1381 1729 insigni
1428 1693 1611 1729 purpureo

164 1743 210 1779 ab
252 1742 443 1779 Alcibiade
468 1743 655 1789 proposito
698 1740 933 1785 Athenienses
958 1756 1039 1780 eum
1066 1733 1307 1791 agnovissent,
1334 1743 1612 1780 Lacedaemonii

164 1806 249 1851 post
285 1816 385 1851 spem
412 1805 698 1852 redintegratam
725 1807 891 1843 destituti
926 1808 1025 1843 retro
1050 1806 1173 1843 cedere
1207 1805 1419 1852 coepissent.
1473 1805 1612 1841 Similia

172 1866 314 1914 saepius
330 1867 442 1917 apud
469 1866 739 1914 Theopompum
764 1868 802 1904 in
826 1869 957 1917 pugnis
984 1868 1224 1905 describendis
1249 1870 1452 1913 occurrunt,
1480 1867 1610 1915 quibus

161 1927 200 1973 ,d
233 1927 378 1964 videtur
404 1931 603 1975 spectasse,
638 1930 681 1965 ut
706 1929 900 1976 legentium
927 1929 1068 1965 animos
1094 1931 1130 1965 et
1161 1928 1357 1965 delectaret
1383 1931 1420 1965 et
1445 1930 1610 1976 expecta-

161 1989 260 2026 tione
295 2000 419 2026 eorum
454 2001 547 2036 quae
582 1992 799 2027 narraturus
836 1992 929 2027 esset
964 1992 1115 2030 teneret.
1173 1990 1296 2027 Etiam
1340 1990 1610 2027 accuratissima

161 2050 226 2086 illa
250 2050 413 2087 locorum
435 2052 589 2087 naturae
623 2052 781 2099 cognitio
808 2051 986 2088 scribendi
1011 2063 1123 2099 genus
1166 2051 1390 2099 Theopompi
1431 2052 1610 2100 significat

161 2111 291 2148 harum
329 2122 451 2148 rerum
490 2111 722 2159 peritissimi,
764 2124 868 2160 quem
907 2113 968 2149 diu
994 2113 1264 2161 peregrinatum
1287 2124 1365 2151 esse
1391 2116 1428 2150 et
1452 2113 1609 2160 plurima

164 2173 245 2210 loca
265 2174 385 2220 ipsum
399 2163 531 2210 vi'disse
547 2176 696 2210 constet.
734 2173 852 2210 Multa
880 2186 1022 2222 quoque
1048 2186 1091 2211 ex
1115 2175 1166 2211 eis
1192 2175 1322 2222 quibus
1348 2187 1371 2212 a
1389 2175 1608 2222 Thucydidis

161 2235 219 2272 vel
253 2226 500 2282 Xenophontis
526 2237 733 2273 narratione
759 2236 898 2280 differt,
940 2249 1023 2274 eum
1057 2236 1146 2284 ipsis
1180 2237 1252 2274 illis
1285 2238 1372 2274 locis
1407 2238 1469 2274 ubi
1507 2237 1608 2274 facta

163 2299 267 2334 erant
294 2297 506 2344 comperisse
531 2298 724 2335 verisimile
751 2300 829 2343 est;
854 2301 980 2337 tamen
1002 2299 1150 2336 illorum
1163 2299 1266 2335 libris
1292 2311 1373 2335 eum
1399 2299 1438 2334 in
1455 2298 1606 2346 singulis

162 2369 267 2395 usum
300 2370 376 2396 esse
415 2371 456 2396 eo
491 2360 757 2409 comprobatur,
791 2360 889 2408 quod
921 2360 1102 2397 nonnullis
1134 2360 1223 2396 locis
1258 2360 1409 2396 Diodori
1441 2360 1605 2396 narratio

162 2419 209 2455 ad
234 2420 385 2457 verbum
409 2432 490 2457 cum
514 2420 565 2458 eis
591 2421 767 2469 congruit.
818 2417 929 2458 Velut
954 2433 1046 2468 quae
1072 2421 1178 2458 Diod.
1202 2421 1266 2466 210,
1295 2422 1317 2460 5
1344 2426 1602 2459 commemorat

168 2479 212 2517 de
248 2481 400 2519 navibus
451 2482 816 2521 Lacedaemoniorum
855 2483 901 2519 ab
959 2482 1237 2520 Atheniensibus
1292 2484 1408 2532 captis
1459 2495 1609 2532 prorsus
